3128 5108
564 555 784 620 ...25-

119 765 157 806 νο
166 768 181 808 o
197 739 413 827 ἀπαρασκεύῳ
431 741 469 825 τῇ
485 736 591 823 πόλει,
617 739 762 806 acerrime
778 739 926 824 castigato
942 738 990 804 his
1008 739 1108 806 verbis
1129 737 1232 823 pergit

120 856 236 920 orator:
270 849 302 911 τί
330 844 388 929 γὰρ
416 840 457 908 rio
487 841 601 908 οἴεσθε
636 841 807 904 Φίλιππον
836 838 873 903 ἐν
901 849 970 911 τοῖς
997 839 1070 903 τότε
1104 847 1231 925 καιροῖς

118 950 295 1030 rigaudam
320 950 361 1018 ori
377 947 475 1036 χωρὶς
498 948 560 1030 μὲν
578 945 661 1031 πρὸς
684 947 743 1032 τὴν
760 943 934 1029 πολιτικὴν
957 944 1108 1033 δύναμιν,
1133 945 1231 1033 χωρὶς

119 1058 147 1123 δ’
164 1059 201 1123 ἐν
218 1055 382 1145 Ἀμφίσσῃ
406 1057 488 1143 πρὸς
514 1052 587 1128 σοὺς
610 1056 725 1128 ξένους
747 1051 1017 1135 διαγωνίσασθαι;
1041 1079 1117 1141 quae
1139 1060 1231 1126 verba

121 1173 214 1237 sicuti
237 1173 382 1254 exscripsi
405 1171 545 1238 codicum
568 1166 781 1231 auctoritatem
804 1167 935 1242 secutus,
958 1165 1086 1247 probam
1108 1170 1229 1232 senten-

120 1277 198 1343 tiam
221 1280 311 1360 atque
334 1279 486 1360 integram
502 1277 641 1344 exhibere
665 1296 724 1341 non
744 1274 893 1339 videntur.
932 1290 1002 1336 nam
1024 1275 1059 1338 ut
1073 1273 1230 1339 Weidnori

122 1375 216 1464 (com.
241 1385 291 1449 ed.
315 1385 397 1466 lips.
423 1385 461 1449 ad
477 1385 506 1450 h.
524 1377 561 1464 l.)
585 1382 684 1447 verbis
708 1383 785 1457 utar,
823 1379 867 1456 ,si
889 1398 1041 1461 unapars
1063 1381 1228 1446 sententiae

121 1490 259 1555 locorum
293 1494 325 1555 et
353 1491 461 1572 proelii
488 1489 775 1556 commemoratione
810 1486 1027 1570 distinguatur,
1063 1509 1100 1553 ue
1134 1489 1231 1553 altera

125 1599 248 1679 quidem
272 1597 379 1664 eadem
403 1599 511 1664 notitia
527 1616 627 1663 carere
650 1593 780 1679 potest.“
821 1599 924 1681 itaque
941 1597 987 1661 vir
1010 1598 1127 1671 doctus,
1149 1593 1229 1676 quod

120 1706 156 1770 ut
178 1705 250 1769 hino
265 1704 455 1786 probabilem
471 1703 615 1769 orationis
637 1701 766 1767 formam
789 1706 988 1786 recuperaret,
1014 1696 1050 1760 ἐν
1068 1693 1229 1791 Ἀμφίσσῃ

122 1811 253 1894 expulit,
281 1830 404 1893 prorsus
432 1813 514 1875 recte
543 1808 665 1873 fecisset
690 1843 730 1852 -
755 1809 781 1873 si
809 1810 883 1874 haec
913 1809 1004 1875 verba
1032 1808 1071 1873 ad
1089 1808 1230 1892 vPhilippi
1364 1817 1365 1820 ’

120 1916 202 2000 regis
237 1916 423 1982 desiderium
458 1914 652 1999 pertinerent.
700 1917 834 1980 attamen
868 1935 927 1980 non
961 1916 1033 1991 hoc,
1068 1919 1104 1978 ut
1138 1914 1229 1979 certis

123 2023 305 2106 quibusdam
339 2023 415 2088 locis
444 2022 634 2088 concurreret
672 2039 741 2085 oum
769 2020 1001 2087 Atheniensium
1036 2020 1227 2099 exercitibus,

122 2129 253 2211 optavit,
279 2130 332 2194 sed
354 2129 431 2194 illud
455 2129 571 2211 potius,
601 2130 635 2192 ut
658 2146 727 2191 oum
751 2129 897 2210 separatis
920 2128 982 2193 illis
1006 2127 1133 2194 diversis
1154 2127 1230 2193 locis

122 2227 251 2316 (χωρίς)
279 2236 429 2318 proelium
458 2234 672 2299 committeret.
724 2233 816 2298 verba
842 2234 950 2318 igitur,
987 2255 1062 2318 quae
1095 2237 1165 2298 snnt
1193 2226 1229 2292 ἐν

122 2331 297 2422 Ἀμφίσσῃ,
315 2342 500 2418 Aeschines,
517 2339 661 2421 quoniam
676 2339 810 2421 profecto
827 2340 988 2424 Philippus
1003 2343 1083 2407 huno
1100 2341 1232 2406 alterum

121 2449 400 2516 mercennariorum
423 2449 588 2514 exercitum
613 2447 652 2512 ad
673 2446 869 2528 Amphissam
892 2446 1015 2525 vicerat,
1041 2466 1075 2511 ex
1099 2466 1153 2512 sua
1175 2467 1231 2530 po·

123 2556 187 2621 tius
211 2556 361 2620 sententia
384 2555 478 2620 altero
496 2553 643 2620 enuntiati
665 2552 802 2634 bipertiti
826 2554 962 2619 membro
986 2554 1132 2620 adiunxit.
1173 2573 1231 2636 quo

121 2663 168 2741 fit,
192 2666 227 2727 ut
242 2663 333 2728 verba
348 2682 443 2744 paene
458 2663 490 2728 in
506 2680 574 2726 aere
591 2658 751 2742 pendeant.
788 2659 841 2724 sed
857 2679 977 2742 semper
998 2660 1032 2725 id
1047 2680 1104 2744 ago
1120 2660 1231 2743 potius,

121 2771 159 2835 nt
181 2769 261 2851 quod
289 2769 329 2834 sit
357 2768 513 2849 scriptoris
542 2766 664 2831 dicendi
691 2786 801 2852 genus,
832 2771 866 2833 ut
893 2787 1018 2850 possum
1049 2769 1231 2854 perspiciam

121 2879 213 2957 atque
230 2875 396 2957 explanem,
422 2894 514 2956 quam
535 2877 569 2939 ut
587 2892 663 2956 quae
679 2875 820 2939 omnibus
844 2895 879 2940 ex
894 2877 1032 2957 partibus
1056 2876 1142 2941 nobis
1164 2875 1232 2957 pla-

122 2983 223 3058 ceant,
247 2980 443 3046 coniectando
466 2999 587 3061 ponam.
614 3017 654 3026 —-

214 3088 321 3170 Neque
349 3087 438 3152 aliter
465 3087 600 3152 iudicare
627 3087 702 3153 licet
730 3088 766 3153 de
791 3085 891 3163 §142
915 3089 1029 3166 verbis,
1059 3108 1135 3172 qnae
1163 3092 1234 3156 sunt

127 3186 261 3274 γράψας
288 3187 324 3250 ἐν
354 3191 397 3268 coi
429 3189 619 3275 ψηφίσματι
652 3189 711 3252 ἐόν
746 3212 792 3261 τις
826 3187 1002 3273 α’φισσοῖτοι
1036 3191 1132 3264 πόλις
1165 3189 1232 3257 ἀπὸ

128 3296 287 3382 Θηβαίων
304 3298 445 3381 βοηθεῖν
463 3293 652 3382 Ἀθηναίους
668 3302 831 3368 Βοιωτοῖς
848 3306 915 3369 σοῖς
931 3296 967 3362 ἐν
986 3296 1122 3384 Θήβαις.
1161 3323 1233 3369 sane

123 3408 217 3473 verba
233 3398 298 3465 dud
320 3404 486 3488 Θηβαίων,
505 3428 580 3490 quae
597 3409 727 3474 editione
745 3411 845 3475 Berol.
862 3411 960 3493 priore
977 3414 1126 3494 expuncta
1138 3412 1233 3476 altera

125 3514 272 3580 Weidner
287 3515 399 3579 iterum
410 3515 534 3596 recepit,
548 3516 579 3578 in
595 3515 801 3597 psephismate
813 3517 1037 3593 Demosthenis,
1050 3518 1192 3600 quoniam
1207 3518 1233 3581 is

125 3619 228 3684 verbis
245 3619 323 3685 ludit
340 3623 370 3685 et
386 3620 599 3686 Thebanorum
616 3639 726 3686 nomen
742 3623 853 3688 evitare
870 3624 982 3703 studet,
1006 3645 1065 3691 non
1082 3623 1232 3689 exstitisse

128 3746 217 3792 nemo
234 3747 292 3792 nou
309 3728 464 3794 concedet.
501 3747 577 3810 quae
602 3729 660 3793 etsi
682 3729 726 3792 ita
749 3730 819 3808 sint,
843 3732 945 3795 tamen
969 3732 1043 3796 hoec
1065 3729 1157 3795 verba
1179 3749 1232 3812 pro

127 3833 267 3915 genuinis
290 3834 430 3899 habenda
447 3838 526 3912 sunt,
551 3853 627 3916 quae
644 3838 754 3914 orator,
778 3855 869 3918 quarn
893 3858 951 3903 non
974 3838 1017 3902 rei
1040 3840 1093 3902 aut
1115 3835 1235 3902 veritati

124 3939 342 4006 Demosthenis
371 3942 533 4007 verborum
561 3943 690 4025 aucupia
723 3945 754 4007 et
785 3944 920 4028 argutiae
948 3944 1164 4027 respondeant,
1199 3945 1235 4008 nt

124 4045 245 4111 facilius
268 4046 448 4131 intellegant
470 4047 596 4126 iudices,
622 4069 657 4115 ex
680 4069 735 4115 sua
758 4052 907 4117 sententia
929 4051 1032 4117 adicit.
1058 4088 1098 4097 —
1163 4075 1165 4080 ¹

216 4152 298 4234 Quid
321 4155 402 4237 quod
424 4155 495 4221 huic
519 4157 656 4240 exemplo
680 4159 839 4223 consimile
862 4161 945 4223 extat
960 4159 1099 4224 alterum.
1135 4158 1235 4223 orator

126 4261 217 4340 enim,
241 4263 404 4344 postquam
420 4259 440 4336 ξ
458 4263 496 4326 71
515 4262 753 4330 Demosthenem
773 4266 804 4330 in
821 4266 915 4331 altera
930 4284 1034 4329 aarum
1050 4265 1234 4342 contionum,
