3128 5108
567 577 868 642 ..49-.

119 759 201 828 cidit
228 779 299 846 ergo
327 761 445 828 Halmii
471 763 661 828 ratiocinatio
680 765 721 828 ‘et
750 764 848 830 verbis
882 757 935 826 καὶ
965 762 1020 832 τὰς
1048 760 1231 848 ἐπιστολάς,

118 885 310 950 quamquam
332 868 371 934 ad
394 868 494 950 priora
517 868 706 948 adseruntur,
730 889 843 935 nouum
857 870 973 953 aliquid
995 873 1231 956 atque‘alterum

119 973 289 1058 significari
315 994 376 1040 non
404 993 493 1057 posse
522 974 614 1040 simul
643 978 778 1058 apparet.
824 976 887 1040 iam
910 995 970 1059 qua
998 979 1123 1045 tandem
1144 981 1177 1046 iu
1199 1003 1232 1048 re

118 1081 226 1146 nostro
265 1081 388 1163 quidem
417 1082 534 1145 oratore
569 1080 669 1145 iudice
697 1081 858 1164 conspicua
892 1083 982 1148 fuerit
1017 1084 1232 1153 Demosthenis

118 1185 258 1264 iactatio,
282 1188 309 1254 si
325 1186 508 1269 quaerimus,
532 1186 610 1251 nihil
624 1185 708 1252 uliud
731 1186 790 1256 nisi
805 1187 889 1270 ipsae
904 1189 1059 1271 epistolae,
1084 1193 1116 1257 ni
1130 1193 1229 1272 fallor,

118 1291 379 1376 subintellegitnr.
426 1291 598 1376 explicandi
626 1311 696 1376 ergo
719 1293 818 1378 gratia
845 1284 917 1362 ‘vtis
941 1287 1128 1365 enecroldg'
1156 1299 1231 1364 sim·

117 1398 247 1482 pliciter
273 1417 326 1482 per
354 1398 537 1482 particulam
570 1391 628 1456 καί
658 1396 830 1468 adnectitur
857 1399 897 1464 ad
931 1390 991 1477 τὴν
1021 1391 1151 1482 ἀηδίαν.
1197 1407 1233 1470 ut

117 1505 228 1590 lingua
250 1505 412 1571 vernacula
435 1505 480 1569 sia
501 1503 628 1570 reddere
651 1503 833 1574 senteutiam
855 1504 959 1570 liceat:
988 1507 1052 1585 ,als
1076 1508 1126 1572 die
1149 1510 1232 1575 stadt

119 1611 218 1678 sehon
247 1610 333 1678 nicht
354 1610 441 1678 mehr
462 1628 549 1674 raum
578 1625 679 1693 genug
707 1609 790 1674 hatte
819 1608 867 1674 dir
890 1611 975 1677 deine
1002 1613 1153 1697 prshlerei
1174 1615 1231 1680 mit

119 1717 182 1782 den
199 1711 345 1788 briefen“.
387 1715 504 1798 quaesi
525 1715 570 1779 ita
585 1717 664 1794 sunt,
691 1713 831 1780 codicum
846 1717 1009 1784 lectionem
1024 1719 1229 1802 probabimus,

117 1822 301 1906 praesertim
329 1841 400 1888 oum
430 1841 506 1904 quae
536 1821 632 1884 Halm
664 1821 730 1903 ipse
758 1821 953 1888 coniectando
983 1828 1139 1892 assecutus
1174 1829 1229 1903 est,

121 1926 316 2011 displiceant.
355 1926 482 1994 relativo
506 1926 586 1992 enim
609 1918 786 2008 pronomine
811 1927 906 1994 eiecto
922 1928 1067 1996 articulus
1091 1923 1146 1997 τάς
1160 1935 1231 1996 anta

119 2027 297 2102 ἐπιστολάς
318 2054 378 2100 non
393 2033 587 2117 perspicuum
611 2033 658 2096 eei
672 2051 734 2115 quo
747 2034 906 2116 pertineat.
941 2035 974 2099 id
989 2035 1071 2116 quod
1084 2035 1231 2102 Weidner

119 2141 217 2206 sensit
240 2159 366 2222 eamque
393 2139 431 2204 ob
455 2157 578 2204 causam
601 2138 724 2220 scripsit
746 2131 838 2204 τινάς
859 2159 913 2222 pro
938 2131 984 2216 ἅς,
1008 2160 1105 2223 neque
1127 2145 1230 2208 tamen

118 2246 214 2312 verbe
237 2247 276 2312 ad
298 2245 489 2329 probabilem
503 2242 656 2309 revocarit
671 2243 849 2319 orationem.
886 2246 991 2330 ¹immo
1014 2266 1118 2312 asera
1132 2249 1229 2332 scrip-

118 2353 195 2420 toris
225 2351 373 2418 sententia
400 2349 487 2416 valde
516 2349 677 2415 aberravit.
709 2386 749 2394 —
781 2369 877 2434 neque
899 2353 957 2417 viri
980 2353 1062 2419 docti
1090 2353 1129 2418 ad
1151 2355 1230 2420 tales

118 2457 310 2526 coniecturas
334 2455 457 2523 deducti
479 2457 596 2534 essent,
625 2455 652 2520 si
675 2475 752 2537 quae
775 2458 895 2539 propn'e
920 2457 1108 2539 dictasunt,
1139 2479 1229 2525 acau-

120 2566 189 2630 rata
216 2561 376 2648 diligentie
402 2561 621 2628 observassent.
673 2581 770 2642 neque
801 2575 949 2645 unquam,
979 2562 1055 2628 talia
1084 2583 1154 2630 cum
1177 2585 1229 2638 oc.-

118 2673 259 2748 cun'ont,
290 2669 317 2732 si
345 2667 467 2736 delendi
494 2670 547 2732 aut
569 2667 773 2745 coniectandi,
801 2686 861 2732 uon
883 2667 1104 2751 interpretandi
1127 2669 1228 2738 studio

116 2775 359 2861 indulgebimus,
395 2793 430 2840 eo
457 2772 681 2857 perveniemus,
717 2775 752 2839 ut
778 2775 876 2842 totam
904 2773 1059 2856 scriptoris
1088 2777 1228 2842 naturam

116 2884 209 2963 alque
232 2883 329 2949 utem
352 2877 580 2962 perspiciamus.
606 2913 647 2924 -
913 2939 918 2954 ,

209 2986 297 3067 Quod
320 3005 426 3056 serum
449 3003 515 3052 esse
537 2983 603 3066 ipse
627 2985 721 3053 Halm
744 2985 983 3052 luculentissime
1007 2986 1105 3064 docet,
1131 2995 1226 3068 auch-

116 3095 181 3160 iam
219 3101 257 3158 ne
297 3090 449 3160 consimili
484 3089 607 3170 quidem
640 3090 712 3157 huic
747 3091 960 3172 quommodo
996 3091 1126 3156 tractari
1159 3092 1227 3158 loco

115 3198 271 3280 propriam
295 3196 422 3268 amicus
445 3196 694 3266 consuetudinem
720 3199 757 3262 ut
778 3193 955 3280 agnosceret
977 3199 1147 3262 commotus
1170 3199 1225 3265 esd.

117 3299 243 3380 §onim
268 3305 331 3368 178
354 3305 460 3370 uerba:
496 3295 634 3369 ἄπιστος
656 3295 692 3360 δὲ
716 3293 769 3359 καὶ
792 3291 869 3376 περὶ
899 3298 999 3361 ταῦτα
1023 3296 1118 3371 δόξας
1141 3290 1227 3370 εἶναι,

119 3399 176 3472 aad,
198 3402 274 3474 τοὺς
297 3402 415 3485 λόγους
437 3403 588 3486 ἐκφέρων
612 3409 681 3477 τοῖς
696 3400 875 3476 ἀντιδίκοις
891 3398 1098 3488 ἀνεπήδησεν
1115 3400 1172 3468 ἐπὶ
1187 3403 1226 3467 ad·

116 3512 208 3597 βῆμα
229 3536 292 3584 non
313 3517 371 3595 sic,
396 3519 432 3582 at
454 3536 488 3584 er
513 3516 667 3582 codicibus
691 3513 850 3597 exscripsi,
875 3514 928 3578 sed
953 3515 1054 3580 deleta
1075 3517 1226 3598 particula

116 3618 175 3686 καί
195 3625 264 3690 ante
286 3612 363 3688 vods
385 3614 505 3698 Myous
520 3624 603 3687 recte
626 3623 706 3686 stare
722 3619 877 3688 iudicauit.
924 3620 1064 3701 equidem
1089 3621 1227 3704 exemplo

115 3728 269 3812 imprimis
293 3723 394 3805 §164
416 3728 528 3794 collato
550 3726 650 3792 uerbis
674 3717 728 3784 καὶ
751 3717 827 3791 τοὺς
842 3718 961 3800 λόγους
977 3719 1127 3805 ἐκφέρων
1149 3727 1227 3793 nihil

117 3834 190 3902 nori
219 3833 334 3911 afferri,
370 3833 424 3898 sed
451 3833 483 3898 id
509 3833 625 3915 ipsum,
662 3851 720 3912 quo
745 3832 967 3900 Demosthenes
989 3830 1049 3898 fida
1083 3831 1233 3916 indignus

116 3931 288 4021 (ἄπιστος)
308 3940 448 4024 apparet,
478 3938 625 4006 contineri
647 3956 826 4020 persuasum
848 3938 954 4003 habeo.
1002 3937 1122 4006 accedit
1145 3939 1227 4020 quod

115 4046 211 4114 uerba
231 4047 271 4111 ab
286 4047 411 4112 Halmio
433 4043 629 4112 restitutam
651 4042 842 4126 probabilem
864 4044 1046 4109 sententiam
1062 4043 1142 4108 coire
1164 4063 1225 4108 non

115 4152 274 4224 sidentur:
304 4171 358 4222 aur
379 4151 505 4216 amdam
526 4150 764 4226 Demosthenes,
795 4149 823 4214 si
848 4168 954 4219 resera
976 4148 1126 4216 orationes
1154 4165 1227 4218 aum

115 4257 296 4324 adsumatis
319 4255 555 4324 communicarit
579 4245 770 4336 (ἐκφέρων),
793 4253 854 4318 fide
876 4253 1019 4339 indignus
1042 4253 1125 4326 sistus
1147 4271 1240 4332 esse,

986 4356 1006 4414 4
