3128 5108
591 559 810 622 ''IL-⁰

144 733 255 818 λαβὼν
281 734 392 810 κοίους
415 736 488 823 παρ’
507 734 601 824 ἡμῶν
626 737 662 800 ἐκ
678 739 739 804 τοῦ
761 739 902 820 νεωρίου
920 739 983 802 τῶν
1001 737 1255 822 παραδοθοισυῖν

145 827 193 906 οἷν
209 838 308 915 αὐτὸς·
323 837 513 926 εἰσήνεγκεν
530 838 710 924 ἀδοκίμους
728 841 834 921 χιλίας
850 837 1056 915 ὀκτακοσίας(
1078 847 1117 914 cf,
1135 841 1255 925 [Dum]

144 955 263 1024 XLVII
287 957 340 1035 20,
363 955 452 1022 Dem.
478 956 573 1022 L36.
620 957 677 1022 hac
700 957 856 1022 occasione
880 975 953 1022 usna
976 975 1074 1040 pauca
1097 954 1194 1022 adicio
1218 953 1255 1020 ds

146 1055 337 1122 νεωσοίκων
355 1064 386 1128 et
402 1055 613 1143 σκευοθήκης
628 1061 909 1148 significationibus.
945 1065 1035 1145 atque
1059 1062 1106 1130 illi
1122 1059 1256 1142 quidem,

150 1166 452 1250 ,schilisschnppenu
480 1169 514 1231 ut
534 1187 589 1233 nos
606 1167 745 1248 dicimus,
770 1187 861 1234 naves
884 1187 944 1234 una
960 1186 1030 1233 curn
1045 1165 1257 1234 instrumentis

145 1272 257 1358 ligneis
273 1273 469 1340 continebant
480 1266 517 1354 ¹);
541 1275 573 1338 in
588 1274 645 1340 hac
660 1292 741 1352 vero,
767 1293 858 1357 quam
882 1293 937 1339 nos
954 1274 1143 1357 appellamus
1171 1291 1256 1351 ,see-

146 1379 331 1464 neughans“,
355 1378 557 1444 instromenta
579 1379 703 1446 navium
725 1378 889 1461 pendentia
911 1375 1147 1458 servaberunt
1182 1378 1258 1450 duas

146 1505 275 1570 magnas
299 1482 531 1568 praeclarasque
556 1485 752 1550 sceuothecas
774 1485 867 1550 fuisso
884 1483 1039 1564 Bceclrhii,
1063 1485 1120 1550 viri
1144 1473 1256 1562 eximii,

150 1609 243 1674 opera
268 1593 458 1672 compertum
481 1591 537 1667 est,
563 1590 764 1674 antiquiorem
786 1590 923 1673 aliquam
946 1591 978 1654 et
1000 1589 1195 1668 Philonem,
1220 1590 1257 1658 de

149 1697 260 1782 quibus
282 1697 360 1762 infra
384 1687 428 1778 (p.
449 1693 502 1775 12)
525 1696 695 1764 accuratius
719 1696 829 1762 dicam.
877 1697 985 1780 quibus
1008 1697 1152 1779 expositis
1179 1697 1259 1762 lucis

148 1801 268 1885 aliquid
284 1802 387 1868 nostro
403 1791 472 1868 loco
487 1802 615 1869 allatum
631 1821 696 1868 esse
714 1820 812 1884 spero,
828 1804 863 1868 nt
879 1821 969 1886 qnam
984 1803 1096 1868 iniuste
1111 1802 1259 1869 Weidner

149 1906 310 1974 offenderit
332 1907 364 1971 in
389 1907 488 1974 verbis
518 1899 571 1967 καὶ
594 1900 735 1985 νεώριον
760 1898 815 1966 καὶ
838 1899 1049 1989 σκευοθήκην
1078 1908 1258 1975 consociatis

149 2015 310 2096 appareat:
340 2005 480 2092 νεώριον
504 2013 585 2080 enim
608 2013 684 2080 nihil
708 2013 792 2080 aliud
815 2017 862 2080 est
886 2033 978 2098 quam
993 2010 1182 2072 νεωσοίκων
1198 2014 1259 2080 cir-

150 2121 259 2186 cuitns.
307 2140 344 2186 ex
365 2122 428 2187 'hae
457 2125 544 2204 parte
572 2122 706 2188 Dobraei
734 2123 921 2200 coniectura,
957 2143 1048 2207 quam
1077 2122 1258 2206 simplicitas

150 2225 359 2304 commendat,
389 2226 479 2290 valde
502 2225 624 2292 arndet.
671 2246 706 2292 ac
736 2247 774 2292 no
799 2227 866 2311 quis
889 2227 1025 2294 Pollucis
1052 2227 1145 2294 verba
1167 2248 1260 2311 supra

152 2321 196 2414 (p.
221 2333 294 2397 911.
320 2323 353 2413 1)
376 2331 502 2396 laudata
524 2332 653 2409 obiciat,
684 2333 770 2415 quasi
797 2333 846 2398 hic
870 2352 965 2398 unum
987 2334 1109 2398 tanturn
1132 2352 1258 2398 accusa-

149 2435 248 2502 tivum
265 2429 505 2516 (σκευοθήκην)
522 2437 559 2501 ab
577 2426 775 2512 ᾠκοδόμουν
791 2437 921 2520 pendere
936 2439 1077 2515 testetur,
1102 2437 1259 2506 obstaculo

151 2543 199 2608 est
222 2541 304 2625 qnod
326 2542 461 2619 Polluci,
492 2562 564 2607 cnm
590 2544 653 2608 toto
676 2543 734 2608 hoc
758 2543 856 2624 capite
880 2545 983 2624 ageret
1006 2542 1043 2610 de
1068 2537 1257 2625 σκευοθήκη

150 2648 308 2727 vocabulo,
333 2669 368 2714 er
384 2650 554 2716 Aeschineo
570 2651 708 2733 exemplo
723 2651 817 2716 verba
834 2643 1046 2731 σκευοθήκην
1064 2642 1259 2725 ᾠκοδόμουν

150 2755 292 2830 attulisse
309 2756 383 2821 satis
398 2775 464 2820 esse
480 2757 614 2837 poterat:
633 2755 735 2823 omisit
749 2755 891 2822 inutilem
906 2756 1038 2820 alterum
1053 2754 1260 2823 accusativum

149 2880 205 2943 pro
222 2879 276 2928 suo
293 2861 456 2942 scriptores
472 2861 617 2926 laudandi
635 2879 727 2929 mors.
764 2861 801 2926 cf.
820 2861 958 2943 exempla
974 2880 1010 2928 ex
1025 2860 1176 2930 Aeschino
1191 2861 1259 2944 ipso

151 2972 311 3050 excerpta:
336 2966 415 3032 Poll.
433 2967 462 3030 ll
480 2969 532 3033 8‘2.
552 2969 629 3044 1263
647 2967 897 3045 V137311135.
917 2968 990 3032 146.
1038 2967 1100 3032 iam
1123 2968 1260 3047 quaestio

152 3074 189 3138 de
214 3093 246 3138 re
269 3075 338 3156 ipsa
361 3076 466 3140 oritur.
514 3094 585 3142 nam
607 3074 667 3142 nisi
690 3075 789 3142 officia
815 3075 950 3142 theorico
973 3075 1197 3158 praefectorum
1221 3074 1261 3140 ad

150 3181 355 3247 humanarum
369 3180 480 3246 virium
494 3181 620 3248 modum
636 3180 824 3265 rediguntur,
841 3201 878 3246 ne
894 3181 972 3246 hanc
987 3180 1121 3246 Dobraei
1137 3180 1261 3263 quidem

151 3285 359 3354 coniecturam
383 3305 487 3353 omnes
509 3287 785 3354 consimilitudinis
808 3306 949 3354 numeros
967 3287 1086 3370 explere
1109 3286 1260 3354 indicabi-

150 3411 231 3458 mus.
285 3409 320 3456 ac
354 3391 487 3473 primum
521 3391 710 3475 inquiramus
744 3411 802 3475 quo
830 3392 922 3458 verba
952 3382 1007 3450 καὶ
1034 3385 1176 3470 νεώριον
1207 3383 1263 3450 καὶ

152 3490 366 3578 σκευοθήκην
397 3487 594 3572 ηἰκοδόμοον
624 3498 805 3580 pertineant.
854 3500 885 3564 et
906 3497 1107 3564 Philochoms
1137 3498 1261 3581 quidem

152 3595 202 3684 (ir.
224 3605 304 3681 135,
328 3602 367 3666 cl.
390 3601 548 3669 Weidneri
572 3621 681 3669 comm.
706 3602 878 3668 coleson.
906 3603 948 3666 lll
974 3595 1031 3684 25)
1054 3603 1155 3669 verbis
1178 3603 1261 3670 hisce

151 3701 379 3789 Λυσιμαχίδης
399 3696 577 3786 Ἀχαρνεύς
600 3698 791 3788 (3397338)·
829 3698 884 3764 ἐπὶ
907 3700 1027 3766 τούτου
1051 3700 1088 3766 νδ
1106 3701 1168 3782 μὲν
1184 3703 1262 3787 ἔργα

151 3843 355 3856 -η--υ--ι-ι-

230 3896 250 3960 ²)
274 3896 307 3951 cf.
326 3896 375 3952 lex.
397 3897 462 3952 rhet.
487 3897 504 3952 l.
522 3897 539 3951 l.
564 3896 680 3964 (Boeclrlr
699 3916 725 3968 p.
745 3898 803 3964 66);
827 3900 904 3952 inser.
930 3897 1015 3954 naval.
1035 3898 1101 3954 IVd
1121 3899 1172 3964 25,
1195 3900 1262 3956 IXc

151 3989 178 4050 5,
197 3983 240 4048 30,
260 3985 342 4055 Harp.
362 3984 380 4039 l.
395 3985 426 4049 l.,
449 3986 562 4056 Hesych.
583 4004 603 4040 s.
624 4005 661 4051 u,
686 3987 757 4041 Suid.
776 4006 796 4041 s.
810 4004 834 4041 v.
854 3989 1040 4051 (narrationem
1066 3987 1108 4041 hic
1125 3988 1215 4043 hausit
1233 4008 1263 4045 ex

152 4073 251 4129 Herod.
270 4074 385 4138 11145).
407 4103 440 4151 ἡ

225 4161 246 4228 ⁹)
270 4163 302 4219 cf.
329 4161 379 4218 lex.
401 4163 468 4218 rhet.
494 4163 591 4233 (Belli.
616 4163 723 4220 anecdd.
743 4161 840 4226 1303,
864 4163 968 4222 Boackh
992 4161 1162 4234 1.1.η.68);
1185 4165 1263 4222 Phot.

154 4269 179 4322 p.
192 4250 245 4306 383
265 4251 380 4320 (Boeclrh
399 4250 416 4303 l.
431 4251 448 4304 l.
469 4263 496 4315 p.
510 4249 564 4318 68).
585 4279 618 4287 —-
