3128 5108
767 553 985 618 ..24-

327 740 531 825 Ctesiphontis
554 741 741 822 rogationem
765 739 923 824 dosigpare
947 740 1084 822 possunt,
1109 758 1180 803 oum
1202 739 1300 820 primo
1324 739 1435 804 obtutu

326 866 385 913 non
408 846 574 924 elucescat,
603 844 729 910 oratoris
753 844 913 908 consilium
936 844 1107 908 accuratius
1137 844 1309 926 perquirere
1338 844 1433 907 iuvat.

326 954 416 1033 atque
439 949 653 1015 Demosthenis
676 949 866 1031 psephisma,
902 948 982 1032 quod
1005 969 1084 1014 nunc
1114 949 1372 1032 pronuntiabitur,
1403 952 1436 1012 et

325 1057 489 1139 rogationis
506 1057 738 1140 Ctesiphontaae
763 1076 798 1121 ea
813 1077 893 1140 pars,
918 1075 978 1138 qua
1000 1056 1199 1122 coronationis
1223 1074 1330 1120 causae
1353 1053 1435 1118 indi-

326 1166 441 1243 cantur,
459 1164 641 1244 quantopere
656 1161 735 1226 inter
751 1181 782 1227 se
795 1162 974 1245 discrepent,
991 1166 1026 1227 ut
1037 1183 1091 1246 per
1105 1162 1271 1228 ludibrium
1283 1161 1433 1243 explanet,

325 1273 422 1335 totam
444 1269 521 1333 hanc
545 1268 741 1332 sententiam:
766 1257 804 1324 ὅν
829 1281 911 1348 φησι
936 1267 1112 1350 Κτησιφῶν
1136 1259 1189 1326 καὶ
1216 1261 1291 1348 (om.
1316 1263 1373 1346 Al)
1398 1259 1434 1322 ἐν

328 1370 409 1451 cqide
437 1371 482 1449 τῷ
512 1367 705 1454 ψηφίσματι
733 1368 892 1433 διατελεῖν
921 1370 1058 1451 λέγοντα
1093 1368 1146 1434 καὶ
1181 1369 1366 1452 πράττοντα
1395 1361 1432 1430 τὰ

327 1472 445 1560 ἄριστα
475 1475 519 1553 τῷ
547 1472 639 1554 (israe)
669 1474 711 1553 τῷ
735 1469 922 1560 Ἀθηναίων
951 1483 1051 1546 orator
1079 1481 1182 1546 adicit.
1231 1481 1278 1544 oui
1308 1480 1433 1546 oonsilio

329 1586 430 1652 verbis
454 1576 536 1664 (καὶ)
558 1577 594 1641 ἐν
619 1578 699 1658 τῷδε
722 1582 767 1660 aqi
791 1581 992 1666 ψηφίσματι,
1017 1587 1043 1650 si
1066 1587 1104 1650 ad
1127 1587 1342 1652 Demosthenis
1365 1606 1433 1669 pse-

325 1692 446 1776 phisma
479 1689 628 1773 pertinere
655 1692 813 1772 putantur,
856 1691 948 1757 etiam
976 1692 1196 1756 incrementum
1226 1693 1326 1757 afferri
1354 1691 1435 1755 haud

326 1797 528 1881 spernendum
551 1795 577 1860 is
601 1814 660 1859 non
675 1797 809 1878 negabit,
834 1798 885 1880 qui
908 1799 1131 1863 cavillationem
1155 1800 1341 1864 acerbiorem
1365 1799 1434 1862 hino

328 1904 395 1968 fieri
414 1901 582 1986 intelleget.
632 1901 686 1965 sed
713 1902 810 1982 quid?
854 1904 961 1968 hocine
985 1904 1160 1986 psephisma
1183 1903 1328 1987 Ctesipho
1352 1924 1434 1969 oom-

330 2009 515 2073 memorarat
543 2007 574 2070 in
598 2027 652 2073 sua
674 2007 851 2092 rogatione?
897 2011 940 2075 sio
964 2011 1114 2077 sententia
1142 2011 1310 2093 accipiatur
1331 2011 1427 2076 nolim

326 2115 380 2181 sed
396 2113 541 2194 Ctesipho
556 2115 796 2180 Demosthenem
818 2117 967 2197 honorari,
993 2119 1072 2200 quod
1088 2117 1219 2196 omnino,
1246 2117 1276 2180 in
1294 2117 1434 2181 omnibus

325 2221 415 2285 rebus
438 2211 581 2277 διατελεῖ
601 2213 702 2293 λέγων
720 2211 773 2276 καὶ
796 2215 946 2299 πράττων
970 2216 1008 2280 τὰ
1025 2215 1139 2302 ἄριστα
1162 2222 1206 2297 σφ’
1222 2213 1313 2302 δήμῳ
1338 2241 1435 2303 quon-

325 2329 388 2391 iam
409 2327 551 2402 iusserat,
574 2325 631 2390 hoc
654 2326 754 2409 ipsum
777 2328 961 2410 psephisma,
987 2331 1023 2394 de
1047 2348 1105 2411 quo
1130 2329 1239 2413 agitur,
1265 2347 1326 2392 nna
1349 2347 1434 2392 com-

326 2433 494 2516 prenditur.
541 2452 617 2515 quae
641 2435 668 2500 si
689 2435 733 2501 ita
757 2440 840 2515 sunt,
871 2454 924 2500 suo
953 2434 1016 2499 iure
1036 2437 1146 2499 orator
1174 2434 1286 2520 eligere
1314 2435 1435 2516 poterat

325 2540 383 2606 hoc
408 2540 494 2621 quasi
510 2540 692 2621 exemplum,
717 2560 775 2622 quo
792 2545 905 2623 quanta
928 2541 1053 2606 licentia
1068 2539 1213 2623 Ctesipho
1235 2539 1328 2605 tuerit
1344 2542 1433 2622 atque

328 2644 561 2726 vaniloquentia,
587 2647 705 2730 egregie
720 2646 925 2710 demonstrare
940 2646 1057 2710 liceret.
1095 2665 1149 2710 nos
1165 2646 1208 2710 sio
1223 2646 1349 2711 reddere
1364 2664 1435 2727 pos-

328 2771 432 2816 sumus
456 2751 651 2817 sententiam:
692 2771 768 2830 ,von
791 2753 936 2818 welchem
958 2751 1129 2835 Ktesiphon
1152 2751 1333 2833 behauptet,
1364 2749 1431 2814 dass

329 2877 361 2922 er
391 2857 625 2939 beispielsweise
655 2859 732 2923 auch
763 2859 795 2922 in
823 2859 937 2924 diesem
966 2858 1142 2942 psephisma
1171 2857 1312 2922 lortlbhrt
1344 2859 1432 2939 gates

328 2965 399 3028 dem
421 2964 508 3029 volke
532 2984 569 3028 zu
599 2983 691 3048 sagon
718 2965 780 3030 und
809 2987 845 3030 zu
873 2961 957 3030 tun.“
1005 2967 1067 3030 iam
1089 2967 1162 3048 puto
1185 2982 1343 3046 apparare,
1374 2982 1458 3045 quo·

327 3068 460 3133 tendam.
507 3069 582 3134 haec
607 3071 688 3134 enim
711 3071 816 3150 verba,
846 3071 1014 3153 dequibus
1039 3072 1152 3155 agitur,
1183 3087 1218 3133 er
1250 3089 1306 3134 sua
1332 3069 1433 3150 potius

328 3172 423 3255 ipsius
448 3192 539 3254 quam
555 3173 763 3256 Ctesiphontis
787 3175 937 3241 sententia
959 3179 1059 3241 orator
1082 3176 1202 3241 adiecit.
1238 3175 1268 3239 in
1292 3194 1327 3240 eo
1351 3193 1432 3257 ergo,

328 3277 407 3360 quod
432 3270 467 3334 ἐν
491 3273 573 3353 τῷδε
597 3276 642 3354 uqi
666 3275 856 3360 ψηφίσματι
881 3284 911 3345 et
934 3276 1076 3339 διατελεῖ
1097 3280 1333 3364 coniunguntur,
1358 3299 1433 3362 quae

327 3381 407 3446 inter
429 3402 460 3447 se
486 3382 655 3465 discrepare
679 3384 836 3463 ridentur,
866 3389 1079 3467 praeterquam
1101 3386 1181 3468 quod
1203 3384 1293 3449 huius
1315 3383 1433 3468 generis

328 3486 449 3552 dicendi
471 3490 642 3569 exemplum
666 3480 791 3575 (Heges.
811 3485 913 3567 [Dem.
928 3487 1000 3570 Vll]
1019 3485 1075 3574 33)
1098 3493 1258 3568 invenitur,
1283 3490 1433 3555 offendere

334 3583 449 3671 (Adam
463 3593 484 3657 l.
501 3594 524 3656 l.
544 3613 575 3675 p.
593 3587 649 3677 21)
674 3614 732 3659 non
754 3596 842 3660 licet:
868 3596 1055 3662 diversorum
1079 3598 1161 3662 enim
1183 3596 1341 3662 hominum
1364 3615 1433 3660 sen·

327 3695 441 3761 tentiae
470 3699 647 3779 produntur.
700 3702 794 3780 addo,
825 3703 851 3769 si
879 3703 923 3768 sic
951 3703 1200 3787 interpretamur,
1230 3703 1370 3768 codicum
1397 3703 1434 3778 B,

331 3801 382 3882 (1¹15
411 3799 468 3860 καί
488 3805 630 3871 exhibent
652 3809 722 3887 ante.
747 3801 782 3864 ἐν
807 3803 888 3867 τῶδε
911 3826 937 3875 r,
965 3815 1020 3890 lb,
1051 3811 1263 3876 auctoritatem
1292 3827 1357 3872 esse
1386 3827 1434 3873 se-

329 3908 489 3988 quendam.
516 3946 555 3956 -—

417 4013 522 4080 Liceat
547 4017 624 4082 mihi
652 4019 727 4096 hoc,
758 4020 839 4102 quod
867 4023 956 4088 modo
986 4023 1160 4106 auspicatus
1195 4045 1277 4107 sum,
1307 4028 1434 4095 oratoris

329 4135 424 4201 genus
448 4118 568 4186 dicendi
590 4144 645 4206 per
660 4126 798 4207 exempla
822 4129 977 4210 complura
999 4131 1142 4212 persequi
1158 4134 1247 4213 atque
1270 4133 1433 4199 illustrare.

329 4225 418 4306 atque
442 4221 541 4298 §147
566 4229 780 4309 Demosthene,
805 4233 883 4312 quod
908 4232 1086 4311 προσέμιξε
1110 4234 1221 4316 φέρων
1245 4231 1303 4296 τὸν
1328 4235 1435 4296 κίνδυ-
