3128 5108
568 565 866 628 ,-13-·

145 750 280 816 videtur.
321 769 506 834 quamquam
530 771 656 817 munera
679 749 742 808 scir
766 743 822 809 ἐπὶ
846 749 891 827 uqi
914 747 1065 833 θεωρικῷ
1086 741 1257 832 ἀρχόντων

146 859 179 922 et
202 846 432 936 α’ντιγρνφέως
454 860 485 923 et
507 848 699 916 ἀποδεκτῶν
722 859 815 924 fuisse
839 859 1020 938 consociata,
1045 859 1157 942 quippe
1180 876 1256 940 quae

145 962 186 1028 ad
210 962 355 1046 pecunias
380 961 635 1028 administrandas
664 964 804 1047 publicas
832 963 944 1030 luerint
966 964 1132 1030 constituta
1155 963 1258 1036 omnia

146 1059 204 1149 (cf.
226 1069 324 1151 Harp.
348 1089 373 1135 s.
389 1087 437 1134 vr.
462 1058 680 1149 ἀντιγραφεύς
709 1072 741 1136 et
763 1061 972 1152 ἀποδέκτης),
1002 1070 1116 1136 nemini
1144 1069 1256 1136 mirum

143 1174 313 1240 videbitur:
346 1174 460 1241 Eubuli
482 1193 554 1258 ergo
576 1176 756 1242 auctoritate
780 1175 1009 1260 magistratibus
1032 1177 1179 1242 scaenicis
1201 1196 1255 1260 pe-

144 1280 245 1347 cuniis
259 1281 422 1363 praefectis
437 1298 547 1347 munus
569 1282 632 1348 iere
655 1282 749 1348 totius
763 1281 947 1366 reipublicae
963 1283 1108 1365 pecunias
1124 1282 1256 1348 admini-

144 1387 264 1453 strandi
279 1387 460 1454 mandatum
475 1392 549 1456 erat.
595 1390 649 1456 sed
673 1389 747 1473 qnid
763 1409 875 1473 quaeso
897 1390 1010 1455 talibus
1025 1389 1256 1474 magistratibus

146 1513 309 1561 commune
332 1494 494 1562 intercedit
517 1515 588 1562 eum
612 1496 803 1577 architectis,
826 1498 861 1562 ut
882 1496 990 1562 bcmm
1014 1514 1133 1578 quoque
1157 1495 1256 1563 officia

144 1601 271 1684 exsequi
302 1619 391 1683 posse
424 1603 590 1684 putentur?
637 1605 770 1668 attamen
802 1601 904 1667 verbis
937 1593 992 1660 καὶ
1025 1595 1165 1683 νεώριον
1200 1594 1255 1661 καὶ

144 1699 361 1788 σκευοθήκην
377 1699 574 1785 ᾠκοδόμουν
587 1701 609 1790 ¹)
633 1708 731 1775 omnis
754 1709 791 1773 de
813 1706 872 1773 hac
894 1728 926 1773 re
943 1708 1091 1774 dubitatio
1115 1712 1255 1792 exemplu

142 1813 275 1893 ridetur,
299 1832 486 1897 quemquam
501 1833 606 1885 omnes
627 1817 748 1899 praeter
762 1816 913 1880 oratorem
935 1817 1073 1881 nostrum
1092 1817 1254 1899 scriptores

144 1920 183 1986 de
211 1940 245 1986 re
274 1919 349 1987 satis
376 1920 570 1987 memorabili
596 1922 709 1988 tacent.
761 1941 800 1987 an
827 1922 956 1988 fortasse
986 1942 1022 1987 ex
1048 1922 1106 1988 hoc
1133 1922 1254 1989 silentio

145 2027 329 2095 concludere
351 2029 426 2096 licet
452 2049 519 2094 rem
545 2048 601 2112 per
629 2048 661 2095 se
688 2049 748 2096 non
771 2048 838 2096 esse
861 2029 1104 2108 memorabilem,
1134 2029 1188 2096 sed
1216 2029 1255 2095 ab

146 2142 266 2207 oratore
296 2136 477 2221 amplificari
505 2139 537 2202 et
564 2136 689 2222 augeri?
735 2155 790 2221 age
813 2136 1023 2222 ingrediamur
1046 2137 1156 2204 sellem
1178 2137 1256 2202 banc

144 2247 238 2326 viam,
255 2263 348 2329 quam
363 2243 491 2310 eandem
503 2242 595 2310 modo
609 2242 738 2328 ingressi
750 2262 866 2321 sumus,
882 2244 918 2308 nt
932 2243 1080 2326 numquid
1097 2243 1255 2326 probabile

145 2352 251 2438 colligi
272 2351 370 2435 possit
392 2350 564 2416 rideamus!
611 2349 768 2433 episcopos
791 2349 945 2415 navalium
974 2339 1065 2430 (τους
1087 2347 1153 2408 τῶν
1176 2364 1254 2408 νεω-

145 2455 226 2541 ρίων
251 2448 464 2538 ἐπιμελητάς)
487 2455 642 2540 pecunias,
667 2476 743 2540 quas
765 2458 959 2539 receperunt,
984 2475 1149 2539 numquam
1171 2456 1255 2541 ipsos

142 2565 385 2644 administrasse,
410 2566 464 2630 sed
486 2565 548 2630 lere
563 2563 727 2630 tradidisse
742 2565 909 2646 apodectis,
932 2564 954 2630 i.
972 2583 998 2630 e.
1014 2565 1145 2652 propriis
1159 2584 1255 2648 pecu·

142 2675 212 2740 niae
233 2671 375 2757 publicae
390 2671 647 2738 administrandae
663 2670 902 2754 magistratibus,
927 2677 958 2738 et
972 2675 1135 2755 postquam
1151 2691 1255 2737 eorum

142 2798 270 2846 munere
298 2777 434 2845 theorico
463 2777 610 2861 praefecti
635 2775 722 2860 ungi
750 2780 929 2860 coepemut,
966 2780 1045 2843 certe
1075 2777 1148 2857 his,
1184 2797 1254 2843 cum

143 2887 337 2968 compertum
360 2883 530 2950 babeamus
553 2874 606 2962 (cf.
624 2883 748 2949 Boeckh
770 2883 793 2947 l.
810 2882 831 2948 l.
853 2900 884 2964 p.
904 2876 977 2962 57),
1002 2883 1116 2949 nullius
1139 2883 1254 2966 publici

141 2991 259 3076 negotii
291 2989 437 3075 pecunias
471 2988 606 3056 theorico
639 2989 810 3072 praefectos
837 3009 897 3055 non
930 2990 1083 3073 accepisse
1118 2994 1253 3075 apparet.

143 3119 222 3182 quae
237 3097 265 3164 ei
278 3099 466 3181 reputamus,
489 3114 587 3161 nonne
602 3095 766 3162 verisimile
789 3096 826 3161 fit
847 3097 903 3162 hos
918 3097 1041 3163 eosdem
1057 3097 1254 3181 magistratus

142 3205 298 3290 pecunias,
324 3222 401 3287 quae
423 3202 455 3268 in
477 3203 553 3268 baec
576 3201 716 3269 aedificia
737 3203 857 3268 navalia
880 3201 1140 3287 impenderentur,
1166 3223 1253 3269 acce·

142 3312 236 3396 pisse,
259 3310 499 3389 administrasse,
524 3327 664 3394 erogasse
680 3307 947 3376 aedificatoribus?
970 3313 1006 3374 ut
1021 3312 1141 3392 partem
1158 3331 1253 3394 quan-

142 3418 216 3484 dam
237 3419 270 3484 in
292 3415 480 3484 aedificando
503 3434 554 3480 eos
576 3413 718 3480 habuisse
741 3432 796 3480 suo
817 3414 883 3480 iure
906 3416 1087 3482 contendere
1110 3417 1254 3483 Aeschini

141 3523 290 3590 licuisset.
323 3521 377 3588 sed
400 3522 520 3604 qualem
537 3521 619 3587 bunc
636 3522 787 3586 oratorem
801 3520 894 3587 fuisso
909 3523 1096 3605 putaremus,
1120 3523 1254 3592 si'verba

141 3630 219 3698 talia
242 3628 412 3698 effudissetr
438 3617 685 3708 νῖκοδνμήνενς
699 3630 876 3702 persique?
909 3629 1063 3695 imment
1086 3630 1252 3698 sententiae

100 3775 105 3784 ·
141 3740 226 3804 recte
254 3733 488 3820 progrediantur
515 3734 689 3817 iustamque
716 3735 927 3819 gradationem
957 3739 989 3801 et
1016 3738 1079 3803 rim
1108 3739 1250 3818 habeant,

141 3846 256 3911 iterum
286 3843 417 3926 scriptor
449 3840 616 3926 amplificat
644 3835 899 3925 atquessexomat.
950 3844 1088 3910 venatis
1123 3863 1252 3930 granum

141 3969 215 4017 sane
239 3951 271 4014 et
293 3948 374 4014 inest
401 3952 432 4015 et
453 3949 552 4014 inesse
575 3942 749 4030 debet,1ne
777 3949 916 4032 sequenti
938 3950 1125 4018 conclusioni
1148 3972 1253 4020 ornnes

216 4197 237 4264 ¹)
260 4200 289 4252 et
306 4198 410 4253 etiamsi
427 4198 486 4266 quie
510 4197 615 4252 dubitet
632 4196 665 4252 de
682 4197 796 4252 Dobraei
820 4198 997 4264 suffectione,
1019 4201 1110 4254 temen
1128 4200 1192 4254 baec
1208 4216 1251 4253 co

142 4289 229 4344 diuum
248 4287 329 4342 verba
346 4287 513 4356 σκευοθήκην
533 4284 687 4358 ᾠκοδόμουν
706 4286 936 4344 succurendum
955 4291 1003 4343 eei.
1024 4317 1057 4324 -
