3128 5108
573 569 790 632 ..21-

124 771 157 816 se
182 752 321 836 singulae
337 752 480 817 orationis
503 754 596 818 totius
619 757 721 836 partes
737 754 963 838 responderent,
988 773 1047 818 non
1064 755 1147 818 reete
1169 772 1239 835 per-

125 857 264 940 spexisse
276 858 405 923 videtur.
440 859 540 924 verbis
553 860 634 924 enim
646 860 743 925 hisce:
762 851 867 917 πολλὰ
880 852 942 934 μὲν
959 849 1238 937 ὑφαιρουμένους,

124 963 235 1045 quibus
252 963 338 1044 quasi
354 964 532 1029 secundaria
556 966 795 1050 subiunguntur:
820 964 942 1044 βραχέα
965 959 1000 1023 δὲ
1025 957 1237 1036 καταθέντας,

124 1070 220 1135 verba
244 1062 428 1127 ἐπιδιδόναι
453 1063 488 1127 δὲ
505 1063 693 1145 φάσκοντας
716 1071 908 1154 respondent,
934 1071 1043 1153 quibus
1066 1071 1142 1136 item
1164 1071 1237 1136 sub-

123 1175 293 1259 iunguntur
313 1175 386 1240 alia:
412 1166 682 1244 conlaudaverat
706 1167 785 1253 ’ὑμῖν
810 1170 847 1233 τὰ
872 1167 1023 1254 ὑμέτερα,
1070 1178 1145 1242 haec
1167 1195 1239 1242 vero

124 1280 231 1344 omnia
253 1281 331 1346 inter
353 1282 431 1346 hanc
456 1283 651 1347 sententiam:
678 1277 718 1340 ον’
742 1275 779 1340 νδ
805 1275 901 1340 κοινὰ
925 1277 1239 1362 διαχειρίσαντας-

123 1377 194 1444 όλλ’
221 1377 497 1463 ὁμολογουμένως
519 1380 575 1454 τὰς
598 1382 750 1468 πατρῴας
774 1379 888 1454 οὐσίας
903 1380 949 1454 είς
973 1381 1031 1470 τὴν
1056 1380 1140 1465 πρὸς
1155 1378 1239 1463 ὑμᾶς

124 1485 338 1573 οἷνηλονκόνας
361 1488 555 1570 φιλοτιμίαν
578 1495 803 1560 intericiuntur:
834 1497 878 1561 sic
901 1496 1024 1578 quidem
1047 1498 1081 1560 ut
1104 1495 1236 1577 ineptias

123 1599 255 1680 prodere
271 1600 438 1666 videantur.
479 1621 518 1666 an
540 1603 682 1684 putamus
705 1603 825 1685 proprie
842 1622 877 1667 ac
898 1605 979 1668 recte
996 1605 1146 1667 oratorem
1162 1600 1240 1665 nihil

123 1725 163 1770 ox
179 1704 311 1786 publicis
326 1705 463 1787 pecuniis
479 1707 660 1772 trierarchos
677 1707 856 1789 surripuisse
873 1707 972 1772 dicere
989 1707 1134 1790 potuisse,
1151 1709 1239 1789 post-

125 1830 221 1892 quam
244 1831 295 1876 eos
319 1812 440 1877 omnino
463 1811 540 1876 nihil
563 1813 768 1894 reipublicae
794 1813 1036 1889 administrasse,
1067 1831 1139 1897 ergo
1162 1813 1240 1876 nihil

123 1916 269 1982 habuisse
299 1918 380 2000 quod
407 1918 500 1984 furari
528 1922 666 2001 possent,
697 1920 965 1985 commemoravit?
1015 1920 1110 1984 immo
1139 1921 1240 1984 orator

125 2023 177 2087 his
201 2023 301 2088 uerbis
324 2025 458 2106 reliquae
483 2025 650 2090 sententiae
678 2025 760 2089 haud
783 2025 827 2090 ita
848 2044 960 2108 magna
982 2027 1045 2090 arte
1069 2024 1239 2089 interiectis

123 2128 367 2194 Demosthenem
389 2129 577 2212 perstringit,
602 2149 693 2211 quem
714 2129 860 2211 proximis
877 2120 949 2211 (23)
973 2129 1171 2212 paragraphis
1196 2130 1239 2195 sic

128 2234 275 2318 castigat:
306 2228 406 2291 ἔασον
431 2225 677 2314 ἀμφισβητῆσαι
701 2247 755 2292 σοι
777 2226 837 2291 τὸν
860 2227 1067 2310 βουλόμενον
1092 2231 1155 2290 τῶν
1179 2251 1238 2291 πο-

125 2334 227 2397 λιτῶν
251 2329 294 2404 ὡς
316 2329 378 2397 οὐκ
402 2332 568 2405 ἐπέδωκας
592 2329 659 2396 ἀλλ’
676 2329 741 2398 dne
767 2333 909 2414 πολλῶν,
934 2319 980 2396 (δν
1004 2334 1091 2412 ἔχεις
1108 2331 1155 2405 εἰς
1178 2332 1238 2420 τὴν

124 2441 191 2501 τῶν
216 2441 332 2517 τειχῶν
358 2436 570 2521 οἰκοδομίαν,
593 2437 694 2522 μικρὰ
719 2442 905 2526 κατέθηκας
927 2439 1004 2503 δέκα
1029 2438 1168 2502 τάλαντα
1193 2435 1240 2511 εἰς

124 2548 228 2609 ταῦτα
251 2545 287 2610 ἐκ
311 2549 368 2633 τῆς
391 2546 519 2621 πόλεως
542 2544 694 2634 εἰληφός.
741 2554 803 2618 iam
827 2572 896 2618 cum
921 2550 999 2627 §23
1015 2553 1239 2617 Demosthenes

124 2679 163 2723 ex
178 2657 232 2736 eis,
249 2678 324 2740 quae
347 2658 487 2724 redibant
501 2659 541 2724 ad
556 2678 660 2725 muros
675 2660 861 2740 reficiendos
886 2659 1067 2740 surripuisse
1084 2661 1237 2740 arguatur,

125 2762 145 2838 ξ
166 2763 216 2842 19,
239 2765 293 2828 ubi
317 2783 392 2846 quae
405 2767 511 2848 postea
527 2765 564 2831 de
581 2765 785 2832 Demosthene
808 2765 1030 2846 praedicantur,
1056 2764 1162 2829 eadem
1184 2784 1237 2830 ne·

124 2871 236 2953 gantur
259 2869 296 2934 de
319 2871 502 2950 hierarchis,
526 2890 614 2935 nemo
637 2890 698 2936 non
720 2871 820 2960 videt,
850 2873 961 2952 quanto
991 2869 1159 2935 sententiae
1184 2869 1237 2934 de-

123 2975 271 3040 trimento
300 2975 378 3040 illud
405 2969 579 3054 προσόδων·
603 2977 624 3042 i.
643 2995 668 3040 e.
698 2997 822 3054 ,eorum
851 2995 926 3058 quae
951 2976 1062 3058 populo
1086 2970 1233 3042 redeunt¹⁴

125 3081 280 3160 deleatur,
314 3081 425 3163 quippe
458 3082 538 3163 quod
567 3082 765 3146 fortissimam
802 3082 910 3147 reddat
946 3081 1172 3146 cavillationem
1199 3081 1238 3146 ad

128 3187 335 3252 adversarium
351 3189 550 3269 spectantem.
590 3207 667 3269 quae
685 3189 712 3254 si
726 3189 771 3253 ita
786 3191 865 3262 sunt,
889 3191 954 3253 tota
968 3187 1128 3253 Weidneri
1144 3181 1237 3266 (com.

125 3293 174 3358 ed.
191 3292 276 3375 Lips.
301 3293 340 3357 ad
363 3293 392 3358 h.
410 3286 447 3375 l.)
470 3294 661 3360 ratiocinatio
686 3294 809 3373 corruit,
834 3295 884 3376 qui
906 3296 942 3358 ut
964 3313 1024 3358 una
1048 3312 1118 3357 cum
1142 3293 1237 3358 Baka

125 3398 228 3464 deleat
239 3419 345 3464 vocem
360 3393 547 3477 προσόδων,
562 3400 645 3466 hisce
658 3401 758 3466 causis
771 3403 992 3466 commovetur:
1013 3400 1108 3470 „falso
1121 3400 1237 3464 veteres

127 3504 322 3590 grammatici
337 3505 518 3570 addiderunt
541 3499 730 3584 προσόδων.
768 3525 840 3570 nam
856 3524 915 3570 non
939 3525 975 3570 er
997 3505 1123 3569 reditu
1145 3503 1235 3568 modo

125 3610 294 3693 publico,
325 3610 378 3675 sed
401 3611 522 3676 omnino
547 3631 582 3676 ex
604 3610 775 3695 publicis
798 3610 972 3692 pecuniis
995 3610 1148 3693 surripere
1170 3611 1191 3675 i.
1209 3629 1235 3674 e.

124 3716 302 3799 peculatum
324 3715 424 3780 facere
453 3719 604 3798 poterant.
652 3716 772 3781 accedit
794 3715 875 3798 quod
898 3715 1083 3780 eontrarium
1106 3713 1237 3779 efficitur

126 3841 163 3887 ex
184 3823 314 3904 propriis
338 3825 368 3887 et
390 3823 522 3905 publicis
546 3824 683 3906 pecuniis
707 3825 760 3889 aut
776 3825 907 3908 erogatis
931 3825 984 3887 aut
1000 3814 1175 3902 surreptis.“
1194 3856 1245 3870 -·

216 3928 356 3993 Eundem
384 3932 550 4009 oratorem,
586 3930 637 4011 qui
664 3928 851 3994 adversarios
885 3928 1097 3994 calumniando
1132 3947 1236 4008 perse·

126 4035 238 4117 quitur,
263 4035 376 4100 amicos
393 4035 442 4099 vel
465 4054 516 4100 eos
540 4036 649 4117 quibus
672 4037 754 4100 favet
777 4037 811 4100 ut
826 4037 946 4116 poterat
962 4034 1132 4098 defendisse
1148 4055 1235 4099 nemo

126 4141 233 4222 opinor
248 4139 417 4205 mirabitur.
457 4143 545 4222 atque
561 4143 597 4204 ut
611 4141 700 4205 huius
717 4158 834 4220 quoque
857 4140 976 4222 generis
993 4140 1167 4222 exemplum
1190 4139 1234 4202 af-

125 4245 237 4325 feram,
269 4264 366 4327 pauoa
390 4245 427 4310 de
451 4242 471 4319 ἓ
491 4248 553 4312 133
577 4246 734 4312 disseram.
771 4281 811 4290 -
848 4247 948 4310 orator
971 4243 1234 4310 vehementissime
