<?xml version="1.0" encoding="UTF-8"?>
<!DOCTYPE html PUBLIC "-//W3C//DTD XHTML 1.0 Transitional//EN"
    "http://www.w3.org/TR/xhtml1/DTD/xhtml1-transitional.dtd">
<html xmlns="http://www.w3.org/1999/xhtml" xml:lang="en" lang="en">
 <head>
  <title>
</title>
<meta http-equiv="Content-Type" content="text/html;charset=utf-8" />
  <meta name='ocr-system' content='tesseract 3.04.00' />
  <meta name='ocr-capabilities' content='ocr_page ocr_carea ocr_par ocr_line ocrx_word'/>
</head>
<body>
  <div class='ocr_page' id='page_1' title='image "./quaestionesaesc00tschgoog_0055.png"; bbox 0 0 3128 5108; ppageno 0'>
   <div class='ocr_carea' id='block_1_1' title="bbox 783 573 1001 640">
    <p class='ocr_par' dir='ltr' id='par_1_1' title="bbox 783 573 1001 640">
     <span class='ocr_line' id='line_1_1' title="bbox 783 573 1001 640; baseline -0.005 -25"><span class='ocrx_word' id='word_1_1' title='bbox 783 573 1001 640; x_wconf 65' lang='lat'>„50-</span> 
     </span>
    </p>
   </div>
   <div class='ocr_carea' id='block_1_2' title="bbox 337 760 1452 3801">
    <p class='ocr_par' dir='ltr' id='par_1_2' title="bbox 338 760 1451 1162">
     <span class='ocr_line' id='line_1_2' title="bbox 338 760 1450 827; baseline -0.002 -1"><span class='ocrx_word' id='word_1_2' title='bbox 338 780 398 827; x_wconf 93' lang='lat' dir='ltr'>non</span> <span class='ocrx_word' id='word_1_3' title='bbox 420 781 525 827; x_wconf 86' lang='lat' dir='ltr'>revera</span> <span class='ocrx_word' id='word_1_4' title='bbox 551 760 645 827; x_wconf 83' lang='lat' dir='ltr'>fnisse</span> <span class='ocrx_word' id='word_1_5' title='bbox 673 762 712 826; x_wconf 87' lang='lat' dir='ltr'>ab</span> <span class='ocrx_word' id='word_1_6' title='bbox 735 763 852 827; x_wconf 86' lang='lat' dir='ltr'>oratore</span> <span class='ocrx_word' id='word_1_7' title='bbox 876 761 1010 826; x_wconf 84' lang='lat' dir='ltr'>dieitur?</span> <span class='ocrx_word' id='word_1_8' title='bbox 1053 760 1149 825; x_wconf 92' lang='lat' dir='ltr'>immo</span> <span class='ocrx_word' id='word_1_9' title='bbox 1172 761 1272 825; x_wconf 88' lang='lat' dir='ltr'>orator</span> <span class='ocrx_word' id='word_1_10' title='bbox 1299 761 1375 824; x_wconf 90' lang='lat' dir='ltr'>haeo</span> <span class='ocrx_word' id='word_1_11' title='bbox 1400 760 1450 824; x_wconf 86' lang='lat' dir='ltr'>di-</span> 
     </span>
     <span class='ocr_line' id='line_1_3' title="bbox 338 865 1450 949; baseline -0.003 -17"><span class='ocrx_word' id='word_1_12' title='bbox 338 885 405 932; x_wconf 86' lang='lat' dir='ltr'>oere</span> <span class='ocrx_word' id='word_1_13' title='bbox 429 868 509 934; x_wconf 83' lang='lat' dir='ltr'>vult:</span> <span class='ocrx_word' id='word_1_14' title='bbox 534 867 767 949; x_wconf 74' lang='lat' dir='ltr'>suspicabantur</span> <span class='ocrx_word' id='word_1_15' title='bbox 787 868 927 932; x_wconf 84' lang='lat' dir='ltr'>hominos</span> <span class='ocrx_word' id='word_1_16' title='bbox 949 885 1019 932; x_wconf 87' lang='lat' dir='ltr'>oum</span> <span class='ocrx_word' id='word_1_17' title='bbox 1036 866 1187 933; x_wconf 82' lang='lat' dir='ltr'>orationes</span> <span class='ocrx_word' id='word_1_18' title='bbox 1208 885 1264 949; x_wconf 94' lang='lat' dir='ltr'>pro</span> <span class='ocrx_word' id='word_1_19' title='bbox 1282 865 1450 933; x_wconf 84' lang='lat' dir='ltr'>otiantibus</span> 
     </span>
     <span class='ocr_line' id='line_1_4' title="bbox 338 970 1451 1056; baseline -0.004 -18"><span class='ocrx_word' id='word_1_20' title='bbox 338 973 468 1056; x_wconf 75' lang='lat' dir='ltr'>scriptas</span> <span class='ocrx_word' id='word_1_21' title='bbox 499 973 721 1040; x_wconf 88' lang='lat' dir='ltr'>eommunieare</span> <span class='ocrx_word' id='word_1_22' title='bbox 749 991 820 1037; x_wconf 90' lang='lat' dir='ltr'>oum</span> <span class='ocrx_word' id='word_1_23' title='bbox 848 973 1029 1038; x_wconf 81' lang='lat' dir='ltr'>adversariis</span> <span class='ocrx_word' id='word_1_24' title='bbox 1061 971 1190 1054; x_wconf 89' lang='lat' dir='ltr'>ideoque</span> <span class='ocrx_word' id='word_1_25' title='bbox 1216 990 1284 1036; x_wconf 87' lang='lat' dir='ltr'>esse</span> <span class='ocrx_word' id='word_1_26' title='bbox 1311 970 1370 1034; x_wconf 84' lang='lat' dir='ltr'>tide</span> <span class='ocrx_word' id='word_1_27' title='bbox 1397 970 1451 1034; x_wconf 91' lang='lat' dir='ltr'>in-</span> 
     </span>
     <span class='ocr_line' id='line_1_5' title="bbox 338 1077 540 1162; baseline 0.005 -21"><span class='ocrx_word' id='word_1_28' title='bbox 338 1077 474 1162; x_wconf 83' lang='lat' dir='ltr'>dignum.</span> <span class='ocrx_word' id='word_1_29' title='bbox 497 1110 540 1118; x_wconf 94' lang='lat'><em>-</em></span> 
     </span>
    </p>

    <p class='ocr_par' dir='ltr' id='par_1_3' title="bbox 337 1182 1452 3801">
     <span class='ocr_line' id='line_1_6' title="bbox 424 1182 1449 1266; baseline 0.001 -19"><span class='ocrx_word' id='word_1_30' title='bbox 424 1182 514 1249; x_wconf 88' lang='lat' dir='ltr'>Addo</span> <span class='ocrx_word' id='word_1_31' title='bbox 552 1185 647 1250; x_wconf 81' lang='lat' dir='ltr'>alium</span> <span class='ocrx_word' id='word_1_32' title='bbox 684 1184 802 1262; x_wconf 81' lang='lat' dir='ltr'>locum,</span> <span class='ocrx_word' id='word_1_33' title='bbox 840 1203 900 1266; x_wconf 88' lang='lat' dir='ltr'>qno</span> <span class='ocrx_word' id='word_1_34' title='bbox 937 1185 995 1252; x_wconf 88' lang='lat' dir='ltr'>hoe</span> <span class='ocrx_word' id='word_1_35' title='bbox 1032 1184 1116 1250; x_wconf 83' lang='lat' dir='ltr'>idem</span> <span class='ocrx_word' id='word_1_36' title='bbox 1153 1184 1330 1266; x_wconf 84' lang='lat' dir='ltr'>parataxeos</span> <span class='ocrx_word' id='word_1_37' title='bbox 1362 1182 1449 1248; x_wconf 82' lang='lat' dir='ltr'>ritu-</span> 
     </span>
     <span class='ocr_line' id='line_1_7' title="bbox 337 1287 1448 1375; baseline 0.001 -21"><span class='ocrx_word' id='word_1_38' title='bbox 337 1289 487 1372; x_wconf 87' lang='lat' dir='ltr'>perandae</span> <span class='ocrx_word' id='word_1_39' title='bbox 514 1308 610 1375; x_wconf 86' lang='lat' dir='ltr'>genus</span> <span class='ocrx_word' id='word_1_40' title='bbox 636 1290 787 1356; x_wconf 82' lang='lat' dir='ltr'>invenisse</span> <span class='ocrx_word' id='word_1_41' title='bbox 814 1293 898 1356; x_wconf 84' lang='lat' dir='ltr'>ratus</span> <span class='ocrx_word' id='word_1_42' title='bbox 925 1290 1020 1354; x_wconf 83' lang='lat' dir='ltr'><strong>Halm</strong></span> <span class='ocrx_word' id='word_1_43' title='bbox 1048 1309 1104 1354; x_wconf 81' lang='lat' dir='ltr'>sna</span> <span class='ocrx_word' id='word_1_44' title='bbox 1132 1288 1316 1354; x_wconf 86' lang='lat' dir='ltr'>oorreotione</span> <span class='ocrx_word' id='word_1_45' title='bbox 1338 1287 1448 1355; x_wconf 87' lang='lat' dir='ltr'>utitur.</span> 
     </span>
     <span class='ocr_line' id='line_1_8' title="bbox 339 1385 1452 1474; baseline 0 -14"><span class='ocrx_word' id='word_1_46' title='bbox 339 1389 462 1472; x_wconf 74' lang='lat' dir='ltr'>§enim</span> <span class='ocrx_word' id='word_1_47' title='bbox 486 1397 528 1460; x_wconf 84' lang='lat'>52</span> <span class='ocrx_word' id='word_1_48' title='bbox 557 1397 633 1460; x_wconf 86' lang='lat' dir='ltr'>haeo</span> <span class='ocrx_word' id='word_1_49' title='bbox 662 1397 700 1462; x_wconf 88' lang='lat' dir='ltr'>de</span> <span class='ocrx_word' id='word_1_50' title='bbox 727 1397 933 1462; x_wconf 79' lang='lat' dir='ltr'>Demosthene</span> <span class='ocrx_word' id='word_1_51' title='bbox 968 1398 1069 1462; x_wconf 86' lang='lat' dir='ltr'>orator</span> <span class='ocrx_word' id='word_1_52' title='bbox 1102 1396 1219 1460; x_wconf 83' lang='lat' dir='ltr'>noster:</span> <span class='ocrx_word' id='word_1_53' title='bbox 1256 1389 1290 1450; x_wconf 87' lang='grc' dir='ltr'><strong><em>τί</em></strong></span> <span class='ocrx_word' id='word_1_54' title='bbox 1310 1385 1369 1474; x_wconf 77' lang='grc' dir='ltr'>γὰρ</span> <span class='ocrx_word' id='word_1_55' title='bbox 1394 1389 1452 1452; x_wconf 78' lang='grc' dir='ltr'>δεῖ</span> 
     </span>
     <span class='ocr_line' id='line_1_9' title="bbox 338 1491 1448 1584; baseline -0.003 -26"><span class='ocrx_word' id='word_1_56' title='bbox 338 1495 401 1558; x_wconf 75' lang='lat' dir='ltr'>onio</span> <span class='ocrx_word' id='word_1_57' title='bbox 440 1497 542 1560; x_wconf 79' lang='grc' dir='ltr'><strong><em>ταῦτα</em></strong></span> <span class='ocrx_word' id='word_1_58' title='bbox 579 1496 687 1576; x_wconf 80' lang='grc' dir='ltr'><strong><em>λέγειν</em></strong></span> <span class='ocrx_word' id='word_1_59' title='bbox 726 1555 732 1568; x_wconf 87' lang='grc'><strong>,</strong></span> <span class='ocrx_word' id='word_1_60' title='bbox 769 1554 776 1569; x_wconf 84' lang='grc'>,</span> <span class='ocrx_word' id='word_1_61' title='bbox 811 1555 819 1570; x_wconf 81' lang='grc'>,</span> <span class='ocrx_word' id='word_1_62' title='bbox 864 1493 886 1584; x_wconf 79' lang='grc' dir='ltr'><em>ἢ</em></span> <span class='ocrx_word' id='word_1_63' title='bbox 923 1493 962 1561; x_wconf 83' lang='grc' dir='ltr'><strong><em>τὰ</em></strong></span> <span class='ocrx_word' id='word_1_64' title='bbox 998 1491 1075 1578; x_wconf 83' lang='grc' dir='ltr'><strong><em>περὶ</em></strong></span> <span class='ocrx_word' id='word_1_65' title='bbox 1113 1492 1173 1582; x_wconf 77' lang='grc' dir='ltr'><strong><em>τὴν</em></strong></span> <span class='ocrx_word' id='word_1_66' title='bbox 1211 1491 1448 1580; x_wconf 78' lang='grc' dir='ltr'><strong><em>Κηφισοδότου</em></strong></span> 
     </span>
     <span class='ocr_line' id='line_1_10' title="bbox 340 1595 1449 1687; baseline -0.002 -23"><span class='ocrx_word' id='word_1_67' title='bbox 340 1601 536 1687; x_wconf 71' lang='grc' dir='ltr'><strong><em>στρατηγίαν</em></strong></span> <span class='ocrx_word' id='word_1_68' title='bbox 559 1598 614 1666; x_wconf 86' lang='grc' dir='ltr'>καὶ</span> <span class='ocrx_word' id='word_1_69' title='bbox 630 1599 689 1665; x_wconf 83' lang='grc' dir='ltr'><strong><em>τὸν</em></strong></span> <span class='ocrx_word' id='word_1_70' title='bbox 706 1605 771 1665; x_wconf 71' lang='grc' dir='ltr'><strong><em>τοῖν</em></strong></span> <span class='ocrx_word' id='word_1_71' title='bbox 794 1605 880 1668; x_wconf 78' lang='lat' dir='ltr'>nenio</span> <span class='ocrx_word' id='word_1_72' title='bbox 896 1601 1044 1665; x_wconf 77' lang='grc' dir='ltr'><strong><em>ἔκπλουν</em></strong></span> <span class='ocrx_word' id='word_1_73' title='bbox 1059 1599 1118 1665; x_wconf 84' lang='grc' dir='ltr'><strong><em>τὸν</em></strong></span> <span class='ocrx_word' id='word_1_74' title='bbox 1134 1596 1181 1674; x_wconf 80' lang='grc' dir='ltr'>εἰς</span> <span class='ocrx_word' id='word_1_75' title='bbox 1194 1595 1449 1684; x_wconf 77' lang='grc' dir='ltr'><strong><em>Ἑλλήσποντον</em></strong></span> 
     </span>
     <span class='ocr_line' id='line_1_11' title="bbox 340 1693 1449 1795; baseline -0.002 -26"><span class='ocrx_word' id='word_1_76' title='bbox 340 1701 396 1770; x_wconf 77' lang='grc' dir='ltr'><strong><em>ὅτε</em></strong></span> <span class='ocrx_word' id='word_1_77' title='bbox 419 1693 467 1778; x_wconf 85' lang='grc' dir='ltr'>εἷς</span> <span class='ocrx_word' id='word_1_78' title='bbox 482 1701 528 1769; x_wconf 76' lang='grc' dir='ltr'>(δν</span> <span class='ocrx_word' id='word_1_79' title='bbox 545 1709 609 1770; x_wconf 80' lang='grc' dir='ltr'><strong><em>τοῖν</em></strong></span> <span class='ocrx_word' id='word_1_80' title='bbox 633 1707 839 1795; x_wconf 82' lang='grc' dir='ltr'><strong><em>τριηράρχων</em></strong></span> <span class='ocrx_word' id='word_1_81' title='bbox 863 1704 917 1771; x_wconf 83' lang='grc' dir='ltr'>καὶ</span> <span class='ocrx_word' id='word_1_82' title='bbox 932 1706 1098 1792; x_wconf 77' lang='grc' dir='ltr'><strong><em>περιάγων</em></strong></span> <span class='ocrx_word' id='word_1_83' title='bbox 1115 1705 1173 1771; x_wconf 84' lang='grc' dir='ltr'><strong><em>τὸν</em></strong></span> <span class='ocrx_word' id='word_1_84' title='bbox 1190 1702 1373 1792; x_wconf 84' lang='grc' dir='ltr'><strong><em>στρατηγὸν</em></strong></span> <span class='ocrx_word' id='word_1_85' title='bbox 1391 1701 1449 1768; x_wconf 82' lang='grc' dir='ltr'>καὶ</span> 
     </span>
     <span class='ocr_line' id='line_1_12' title="bbox 342 1807 1448 1886; baseline -0.004 -8"><span class='ocrx_word' id='word_1_86' title='bbox 342 1813 502 1878; x_wconf 79' lang='grc' dir='ltr'><strong><em>συσσιτῶν</em></strong></span> <span class='ocrx_word' id='word_1_87' title='bbox 526 1809 580 1876; x_wconf 88' lang='grc' dir='ltr'>καὶ</span> <span class='ocrx_word' id='word_1_88' title='bbox 597 1813 753 1879; x_wconf 71' lang='grc' dir='ltr'><strong><em>συνθύων</em></strong></span> <span class='ocrx_word' id='word_1_89' title='bbox 777 1811 832 1878; x_wconf 79' lang='grc' dir='ltr'>καὶ</span> <span class='ocrx_word' id='word_1_90' title='bbox 848 1813 1041 1878; x_wconf 79' lang='grc' dir='ltr'><strong><em>συσπένδων</em></strong></span> <span class='ocrx_word' id='word_1_91' title='bbox 1064 1809 1118 1875; x_wconf 80' lang='grc' dir='ltr'>καὶ</span> <span class='ocrx_word' id='word_1_92' title='bbox 1141 1810 1267 1876; x_wconf 80' lang='grc' dir='ltr'><strong><em>τούτων</em></strong></span> <span class='ocrx_word' id='word_1_93' title='bbox 1290 1807 1448 1886; x_wconf 77' lang='grc' dir='ltr'><strong><em>ἀξιωθεὶς</em></strong></span> 
     </span>
     <span class='ocr_line' id='line_1_13' title="bbox 339 1902 1444 2004; baseline 0 -24"><span class='ocrx_word' id='word_1_94' title='bbox 339 1916 394 1981; x_wconf 85' lang='grc' dir='ltr'>διὰ</span> <span class='ocrx_word' id='word_1_95' title='bbox 419 1915 455 1981; x_wconf 88' lang='grc' dir='ltr'><strong><em>τὸ</em></strong></span> <span class='ocrx_word' id='word_1_96' title='bbox 480 1918 639 2002; x_wconf 87' lang='grc' dir='ltr'><strong><em>πατρικὸς</em></strong></span> <span class='ocrx_word' id='word_1_97' title='bbox 662 1917 751 2002; x_wconf 66' lang='lat' dir='ltr'>aioni</span> <span class='ocrx_word' id='word_1_98' title='bbox 773 1920 872 2002; x_wconf 81' lang='grc' dir='ltr'><strong><em>φίλος</em></strong></span> <span class='ocrx_word' id='word_1_99' title='bbox 893 1912 980 1984; x_wconf 80' lang='grc' dir='ltr'><strong><em>εἶναι</em></strong></span> <span class='ocrx_word' id='word_1_100' title='bbox 1003 1914 1064 1982; x_wconf 84' lang='grc' dir='ltr'><strong><em>ου’κ</em></strong></span> <span class='ocrx_word' id='word_1_101' title='bbox 1088 1902 1236 2004; x_wconf 79' lang='grc' dir='ltr'><strong><em>ὤκνησεν</em></strong></span> <span class='ocrx_word' id='word_1_102' title='bbox 1260 1913 1316 1980; x_wconf 79' lang='grc' dir='ltr'>ἀπ’</span> <span class='ocrx_word' id='word_1_103' title='bbox 1339 1913 1444 1997; x_wconf 82' lang='grc' dir='ltr'><strong><em>εἰσαγ-</em></strong></span> 
     </span>
     <span class='ocr_line' id='line_1_14' title="bbox 340 2021 1444 2112; baseline -0.001 -25"><span class='ocrx_word' id='word_1_104' title='bbox 340 2023 448 2106; x_wconf 81' lang='grc' dir='ltr'><strong><em>γελίας</em></strong></span> <span class='ocrx_word' id='word_1_105' title='bbox 470 2021 576 2090; x_wconf 72' lang='grc' dir='ltr'><strong><em>αὐτοῦ</em></strong></span> <span class='ocrx_word' id='word_1_106' title='bbox 591 2028 792 2110; x_wconf 84' lang='grc' dir='ltr'><strong><em>κρινομένου</em></strong></span> <span class='ocrx_word' id='word_1_107' title='bbox 808 2023 885 2112; x_wconf 81' lang='grc' dir='ltr'><strong><em>περὶ</em></strong></span> <span class='ocrx_word' id='word_1_108' title='bbox 908 2025 1058 2089; x_wconf 73' lang='grc' dir='ltr'><strong><em>θανάτου</em></strong></span> <span class='ocrx_word' id='word_1_109' title='bbox 1075 2023 1254 2111; x_wconf 80' lang='grc' dir='ltr'><strong><em>κατήγορος</em></strong></span> <span class='ocrx_word' id='word_1_110' title='bbox 1277 2025 1444 2105; x_wconf 79' lang='grc' dir='ltr'><strong><em>γενέσθαι,</em></strong></span> 
     </span>
     <span class='ocr_line' id='line_1_15' title="bbox 340 2127 1444 2219; baseline 0 -19"><span class='ocrx_word' id='word_1_111' title='bbox 340 2137 431 2218; x_wconf 88' lang='lat' dir='ltr'>atque</span> <span class='ocrx_word' id='word_1_112' title='bbox 453 2135 549 2200; x_wconf 87' lang='lat' dir='ltr'>Halm</span> <span class='ocrx_word' id='word_1_113' title='bbox 577 2128 612 2214; x_wconf 90' lang='grc'>(1.</span> <span class='ocrx_word' id='word_1_114' title='bbox 634 2137 655 2200; x_wconf 93' lang='grc'>1.</span> <span class='ocrx_word' id='word_1_115' title='bbox 675 2156 706 2219; x_wconf 90' lang='lat' dir='ltr'>p.</span> <span class='ocrx_word' id='word_1_116' title='bbox 724 2139 765 2201; x_wconf 85' lang='lat'>12</span> <span class='ocrx_word' id='word_1_117' title='bbox 787 2158 816 2202; x_wconf 90' lang='lat' dir='ltr'>n.</span> <span class='ocrx_word' id='word_1_118' title='bbox 842 2131 898 2217; x_wconf 85' lang='lat'>12)</span> <span class='ocrx_word' id='word_1_119' title='bbox 927 2133 984 2195; x_wconf 84' lang='grc' dir='ltr'>καί</span> <span class='ocrx_word' id='word_1_120' title='bbox 1009 2137 1159 2219; x_wconf 84' lang='lat' dir='ltr'>partiente</span> <span class='ocrx_word' id='word_1_121' title='bbox 1186 2138 1255 2200; x_wconf 89' lang='lat' dir='ltr'>anto</span> <span class='ocrx_word' id='word_1_122' title='bbox 1282 2127 1444 2192; x_wconf 78' lang='grc' dir='ltr'><strong><em>τοιούτων</em></strong></span> 
     </span>
     <span class='ocr_line' id='line_1_16' title="bbox 340 2233 1443 2325; baseline -0.002 -27"><span class='ocrx_word' id='word_1_123' title='bbox 340 2233 493 2313; x_wconf 75' lang='grc' dir='ltr'><strong><em>ἀξιωθείς</em></strong></span> <span class='ocrx_word' id='word_1_124' title='bbox 527 2241 629 2306; x_wconf 82' lang='lat' dir='ltr'>deleta</span> <span class='ocrx_word' id='word_1_125' title='bbox 665 2242 794 2321; x_wconf 77' lang='lat' dir='ltr'>alterum</span> <span class='ocrx_word' id='word_1_126' title='bbox 827 2233 982 2313; x_wconf 77' lang='grc' dir='ltr'><strong><em>ἀξιωθείς</em></strong></span> <span class='ocrx_word' id='word_1_127' title='bbox 1018 2242 1169 2325; x_wconf 82' lang='lat' dir='ltr'>prioribus</span> <span class='ocrx_word' id='word_1_128' title='bbox 1203 2233 1369 2321; x_wconf 77' lang='grc' dir='ltr'><strong><em>περιάγων</em></strong></span> <span class='ocrx_word' id='word_1_129' title='bbox 1399 2271 1443 2282; x_wconf 93' lang='grc'>-</span> 
     </span>
     <span class='ocr_line' id='line_1_17' title="bbox 342 2340 1444 2432; baseline -0.003 -26"><span class='ocrx_word' id='word_1_130' title='bbox 342 2343 504 2406; x_wconf 76' lang='grc' dir='ltr'><strong><em>συσσιτῶν</em></strong></span> <span class='ocrx_word' id='word_1_131' title='bbox 535 2383 575 2391; x_wconf 90' lang='grc'><strong>-</strong></span> <span class='ocrx_word' id='word_1_132' title='bbox 606 2340 762 2406; x_wconf 76' lang='grc' dir='ltr'><strong><em>συνθύων</em></strong></span> <span class='ocrx_word' id='word_1_133' title='bbox 793 2382 833 2392; x_wconf 92' lang='grc'>-</span> <span class='ocrx_word' id='word_1_134' title='bbox 864 2342 1056 2406; x_wconf 82' lang='grc' dir='ltr'><strong><em>συσπένδων</em></strong></span> <span class='ocrx_word' id='word_1_135' title='bbox 1091 2348 1232 2432; x_wconf 81' lang='lat' dir='ltr'>subiungi</span> <span class='ocrx_word' id='word_1_136' title='bbox 1265 2346 1351 2413; x_wconf 80' lang='lat' dir='ltr'>iubet</span> <span class='ocrx_word' id='word_1_137' title='bbox 1383 2367 1444 2412; x_wconf 82' lang='lat' dir='ltr'>non</span> 
     </span>
     <span class='ocr_line' id='line_1_18' title="bbox 341 2452 1444 2536; baseline -0.002 -18"><span class='ocrx_word' id='word_1_138' title='bbox 341 2455 440 2520; x_wconf 83' lang='lat' dir='ltr'>solum</span> <span class='ocrx_word' id='word_1_139' title='bbox 466 2454 685 2519; x_wconf 86' lang='lat' dir='ltr'>sententiarum</span> <span class='ocrx_word' id='word_1_140' title='bbox 713 2453 767 2518; x_wconf 86' lang='lat' dir='ltr'>sed</span> <span class='ocrx_word' id='word_1_141' title='bbox 794 2453 887 2518; x_wconf 86' lang='lat' dir='ltr'>etiam</span> <span class='ocrx_word' id='word_1_142' title='bbox 915 2456 1088 2536; x_wconf 86' lang='lat' dir='ltr'>temporum</span> <span class='ocrx_word' id='word_1_143' title='bbox 1123 2452 1297 2518; x_wconf 84' lang='lat' dir='ltr'>diversitate</span> <span class='ocrx_word' id='word_1_144' title='bbox 1331 2453 1444 2518; x_wconf 82' lang='lat' dir='ltr'>motus,</span> 
     </span>
     <span class='ocr_line' id='line_1_19' title="bbox 341 2558 1446 2644; baseline -0.002 -20"><span class='ocrx_word' id='word_1_145' title='bbox 341 2579 395 2626; x_wconf 85' lang='lat' dir='ltr'>noa</span> <span class='ocrx_word' id='word_1_146' title='bbox 418 2580 489 2626; x_wconf 85' lang='lat' dir='ltr'>vero</span> <span class='ocrx_word' id='word_1_147' title='bbox 512 2580 528 2624; x_wconf 90' lang='lat' dir='ltr'>e</span> <span class='ocrx_word' id='word_1_148' title='bbox 554 2560 703 2625; x_wconf 75' lang='lat' dir='ltr'>contrario</span> <span class='ocrx_word' id='word_1_149' title='bbox 727 2560 822 2624; x_wconf 81' lang='lat' dir='ltr'>talem</span> <span class='ocrx_word' id='word_1_150' title='bbox 848 2559 969 2624; x_wconf 88' lang='lat' dir='ltr'>dioendi</span> <span class='ocrx_word' id='word_1_151' title='bbox 998 2560 1227 2644; x_wconf 81' lang='lat' dir='ltr'>simplieitatem</span> <span class='ocrx_word' id='word_1_152' title='bbox 1256 2560 1348 2639; x_wconf 86' lang='lat' dir='ltr'>atque</span> <span class='ocrx_word' id='word_1_153' title='bbox 1371 2558 1446 2622; x_wconf 84' lang='lat' dir='ltr'>artis</span> 
     </span>
     <span class='ocr_line' id='line_1_20' title="bbox 340 2663 1446 2749; baseline -0.002 -19"><span class='ocrx_word' id='word_1_154' title='bbox 340 2666 474 2749; x_wconf 89' lang='lat' dir='ltr'>inopiam</span> <span class='ocrx_word' id='word_1_155' title='bbox 496 2665 672 2749; x_wconf 84' lang='lat' dir='ltr'>inoorrupta</span> <span class='ocrx_word' id='word_1_156' title='bbox 694 2685 759 2731; x_wconf 83' lang='lat' dir='ltr'>esse</span> <span class='ocrx_word' id='word_1_157' title='bbox 782 2665 874 2730; x_wconf 86' lang='lat' dir='ltr'>verba</span> <span class='ocrx_word' id='word_1_158' title='bbox 901 2665 1007 2731; x_wconf 88' lang='lat' dir='ltr'>dooere</span> <span class='ocrx_word' id='word_1_159' title='bbox 1031 2664 1177 2748; x_wconf 81' lang='lat' dir='ltr'>exemplis</span> <span class='ocrx_word' id='word_1_160' title='bbox 1206 2667 1296 2729; x_wconf 86' lang='lat' dir='ltr'>antea</span> <span class='ocrx_word' id='word_1_161' title='bbox 1318 2663 1446 2747; x_wconf 88' lang='lat' dir='ltr'>prolatis</span> 
     </span>
     <span class='ocr_line' id='line_1_21' title="bbox 341 2770 1447 2853; baseline -0.003 -17"><span class='ocrx_word' id='word_1_162' title='bbox 341 2771 569 2836; x_wconf 86' lang='lat' dir='ltr'>addnoeremur.</span> <span class='ocrx_word' id='word_1_163' title='bbox 623 2770 676 2835; x_wconf 84' lang='lat' dir='ltr'>sed</span> <span class='ocrx_word' id='word_1_164' title='bbox 705 2791 733 2836; x_wconf 85' lang='lat' dir='ltr'>v.</span> <span class='ocrx_word' id='word_1_165' title='bbox 761 2771 790 2837; x_wconf 90' lang='lat' dir='ltr'>d.</span> <span class='ocrx_word' id='word_1_166' title='bbox 819 2771 941 2837; x_wconf 91' lang='lat' dir='ltr'>omnino</span> <span class='ocrx_word' id='word_1_167' title='bbox 970 2771 1126 2853; x_wconf 84' lang='lat' dir='ltr'>son&#39;ptoris</span> <span class='ocrx_word' id='word_1_168' title='bbox 1160 2770 1253 2834; x_wconf 84' lang='lat' dir='ltr'>verba</span> <span class='ocrx_word' id='word_1_169' title='bbox 1285 2787 1447 2852; x_wconf 79' lang='lat' dir='ltr'>perperam</span> 
     </span>
     <span class='ocr_line' id='line_1_22' title="bbox 341 2874 1447 2958; baseline -0.003 -18"><span class='ocrx_word' id='word_1_170' title='bbox 341 2876 556 2958; x_wconf 85' lang='lat' dir='ltr'>interpretatus</span> <span class='ocrx_word' id='word_1_171' title='bbox 579 2878 634 2941; x_wconf 87' lang='lat' dir='ltr'>est.</span> <span class='ocrx_word' id='word_1_172' title='bbox 681 2895 753 2940; x_wconf 88' lang='lat' dir='ltr'>nam</span> <span class='ocrx_word' id='word_1_173' title='bbox 774 2879 809 2941; x_wconf 89' lang='lat' dir='ltr'>ut</span> <span class='ocrx_word' id='word_1_174' title='bbox 830 2876 951 2941; x_wconf 81' lang='lat' dir='ltr'>mittam</span> <span class='ocrx_word' id='word_1_175' title='bbox 980 2896 1040 2942; x_wconf 91' lang='lat' dir='ltr'>non</span> <span class='ocrx_word' id='word_1_176' title='bbox 1062 2875 1209 2940; x_wconf 86' lang='lat' dir='ltr'>aeoidisae</span> <span class='ocrx_word' id='word_1_177' title='bbox 1232 2874 1447 2956; x_wconf 75' lang='lat' dir='ltr'>exscriptoris</span> 
     </span>
     <span class='ocr_line' id='line_1_23' title="bbox 342 2978 1446 3064; baseline -0.004 -18"><span class='ocrx_word' id='word_1_178' title='bbox 342 2980 478 3061; x_wconf 79' lang='lat' dir='ltr'>libidine,</span> <span class='ocrx_word' id='word_1_179' title='bbox 501 2983 537 3046; x_wconf 92' lang='lat' dir='ltr'>ut</span> <span class='ocrx_word' id='word_1_180' title='bbox 558 2983 697 3063; x_wconf 87' lang='lat' dir='ltr'>tempora</span> <span class='ocrx_word' id='word_1_181' title='bbox 713 2981 831 3047; x_wconf 84' lang='lat' dir='ltr'>diversa</span> <span class='ocrx_word' id='word_1_182' title='bbox 853 2984 1043 3064; x_wconf 82' lang='lat' dir='ltr'>ponerentur,</span> <span class='ocrx_word' id='word_1_183' title='bbox 1067 2980 1138 3063; x_wconf 84' lang='lat' dir='ltr'>quia</span> <span class='ocrx_word' id='word_1_184' title='bbox 1159 2979 1369 3063; x_wconf 86' lang='lat' dir='ltr'>praesentibus</span> <span class='ocrx_word' id='word_1_185' title='bbox 1383 2978 1446 3042; x_wconf 83' lang='lat' dir='ltr'>illia</span> 
     </span>
     <span class='ocr_line' id='line_1_24' title="bbox 342 3083 1446 3169; baseline -0.004 -17"><span class='ocrx_word' id='word_1_186' title='bbox 342 3086 516 3153; x_wconf 87' lang='lat' dir='ltr'>testimonia</span> <span class='ocrx_word' id='word_1_187' title='bbox 543 3085 663 3169; x_wconf 85' lang='lat' dir='ltr'>saepius</span> <span class='ocrx_word' id='word_1_188' title='bbox 686 3087 858 3164; x_wconf 82' lang='lat' dir='ltr'>observata,</span> <span class='ocrx_word' id='word_1_189' title='bbox 886 3087 943 3152; x_wconf 88' lang='lat' dir='ltr'>hoo</span> <span class='ocrx_word' id='word_1_190' title='bbox 970 3087 1083 3153; x_wconf 87' lang='lat' dir='ltr'>aoristo</span> <span class='ocrx_word' id='word_1_191' title='bbox 1111 3085 1263 3150; x_wconf 86' lang='lat' dir='ltr'>amioitiae</span> <span class='ocrx_word' id='word_1_192' title='bbox 1291 3085 1375 3166; x_wconf 84' lang='lat' dir='ltr'>origo</span> <span class='ocrx_word' id='word_1_193' title='bbox 1396 3083 1446 3148; x_wconf 91' lang='lat' dir='ltr'>in-</span> 
     </span>
     <span class='ocr_line' id='line_1_25' title="bbox 344 3186 1448 3275; baseline -0.002 -19"><span class='ocrx_word' id='word_1_194' title='bbox 344 3191 494 3272; x_wconf 80' lang='lat' dir='ltr'>dicantur,</span> <span class='ocrx_word' id='word_1_195' title='bbox 525 3191 583 3256; x_wconf 88' lang='lat' dir='ltr'>dno</span> <span class='ocrx_word' id='word_1_196' title='bbox 607 3186 824 3274; x_wconf 79' lang='lat' dir='ltr'>exprobrantur</span> <span class='ocrx_word' id='word_1_197' title='bbox 846 3193 884 3256; x_wconf 88' lang='lat' dir='ltr'>ab</span> <span class='ocrx_word' id='word_1_198' title='bbox 908 3194 1039 3273; x_wconf 81' lang='lat' dir='ltr'>oratore,</span> <span class='ocrx_word' id='word_1_199' title='bbox 1069 3211 1145 3275; x_wconf 84' lang='lat' dir='ltr'>qnae</span> <span class='ocrx_word' id='word_1_200' title='bbox 1166 3191 1406 3257; x_wconf 88' lang='lat' dir='ltr'>Demosthenem</span> <span class='ocrx_word' id='word_1_201' title='bbox 1429 3209 1448 3254; x_wconf 91' lang='lat' dir='ltr'>a</span> 
     </span>
     <span class='ocr_line' id='line_1_26' title="bbox 342 3285 1447 3380; baseline -0.003 -18"><span class='ocrx_word' id='word_1_202' title='bbox 342 3296 511 3380; x_wconf 81' lang='lat' dir='ltr'>proditione</span> <span class='ocrx_word' id='word_1_203' title='bbox 534 3316 636 3361; x_wconf 89' lang='lat' dir='ltr'>aroore</span> <span class='ocrx_word' id='word_1_204' title='bbox 654 3297 819 3362; x_wconf 87' lang='lat' dir='ltr'>debuerint.</span> <span class='ocrx_word' id='word_1_205' title='bbox 856 3316 915 3363; x_wconf 92' lang='lat' dir='ltr'>non</span> <span class='ocrx_word' id='word_1_206' title='bbox 938 3299 1020 3363; x_wconf 88' lang='lat' dir='ltr'>enim</span> <span class='ocrx_word' id='word_1_207' title='bbox 1035 3285 1135 3363; x_wconf 81' lang='lat' dir='ltr'>solnm</span> <span class='ocrx_word' id='word_1_208' title='bbox 1156 3298 1221 3379; x_wconf 85' lang='lat' dir='ltr'>ipae</span> <span class='ocrx_word' id='word_1_209' title='bbox 1244 3295 1447 3380; x_wconf 79' lang='lat' dir='ltr'>Cephisodoto</span> 
     </span>
     <span class='ocr_line' id='line_1_27' title="bbox 342 3401 1446 3485; baseline -0.003 -19"><span class='ocrx_word' id='word_1_210' title='bbox 342 3401 534 3466; x_wconf 80' lang='lat' dir='ltr'>familiariter</span> <span class='ocrx_word' id='word_1_211' title='bbox 556 3402 711 3478; x_wconf 85' lang='lat' dir='ltr'>utebatur,</span> <span class='ocrx_word' id='word_1_212' title='bbox 736 3403 789 3468; x_wconf 86' lang='lat' dir='ltr'>sed</span> <span class='ocrx_word' id='word_1_213' title='bbox 812 3405 913 3485; x_wconf 86' lang='lat' dir='ltr'>patres</span> <span class='ocrx_word' id='word_1_214' title='bbox 935 3404 998 3468; x_wconf 90' lang='lat' dir='ltr'>iam</span> <span class='ocrx_word' id='word_1_215' title='bbox 1021 3402 1155 3467; x_wconf 86' lang='lat' dir='ltr'>amieitin</span> <span class='ocrx_word' id='word_1_216' title='bbox 1177 3401 1330 3468; x_wconf 86' lang='lat' dir='ltr'>oorinnoti</span> <span class='ocrx_word' id='word_1_217' title='bbox 1352 3402 1446 3465; x_wconf 89' lang='lat' dir='ltr'>orant.</span> 
     </span>
     <span class='ocr_line' id='line_1_28' title="bbox 342 3497 1448 3591; baseline -0.001 -20"><span class='ocrx_word' id='word_1_218' title='bbox 342 3507 436 3571; x_wconf 84' lang='lat' dir='ltr'>verba</span> <span class='ocrx_word' id='word_1_219' title='bbox 451 3524 522 3588; x_wconf 84' lang='lat' dir='ltr'>ergo</span> <span class='ocrx_word' id='word_1_220' title='bbox 539 3498 593 3564; x_wconf 85' lang='grc' dir='ltr'>καὶ</span> <span class='ocrx_word' id='word_1_221' title='bbox 609 3499 734 3563; x_wconf 75' lang='grc' dir='ltr'><strong><em>τούτων</em></strong></span> <span class='ocrx_word' id='word_1_222' title='bbox 751 3497 904 3576; x_wconf 69' lang='grc' dir='ltr'>ἀξιωθείς</span> <span class='ocrx_word' id='word_1_223' title='bbox 925 3527 985 3573; x_wconf 90' lang='lat' dir='ltr'>non</span> <span class='ocrx_word' id='word_1_224' title='bbox 1011 3509 1079 3591; x_wconf 81' lang='lat' dir='ltr'>ipsa</span> <span class='ocrx_word' id='word_1_225' title='bbox 1100 3508 1250 3590; x_wconf 81' lang='lat' dir='ltr'>integram</span> <span class='ocrx_word' id='word_1_226' title='bbox 1265 3505 1448 3572; x_wconf 82' lang='lat' dir='ltr'>sententiam</span> 
     </span>
     <span class='ocr_line' id='line_1_29' title="bbox 344 3610 1448 3696; baseline -0.002 -20"><span class='ocrx_word' id='word_1_227' title='bbox 344 3611 495 3689; x_wconf 81' lang='lat' dir='ltr'>exhibent,</span> <span class='ocrx_word' id='word_1_228' title='bbox 519 3613 572 3677; x_wconf 88' lang='lat' dir='ltr'>sed</span> <span class='ocrx_word' id='word_1_229' title='bbox 595 3611 703 3676; x_wconf 90' lang='lat' dir='ltr'>idonea</span> <span class='ocrx_word' id='word_1_230' title='bbox 726 3612 906 3678; x_wconf 88' lang='lat' dir='ltr'>videbantur</span> <span class='ocrx_word' id='word_1_231' title='bbox 920 3613 1029 3695; x_wconf 87' lang='lat' dir='ltr'>quibus</span> <span class='ocrx_word' id='word_1_232' title='bbox 1052 3613 1148 3678; x_wconf 86' lang='lat' dir='ltr'>altera</span> <span class='ocrx_word' id='word_1_233' title='bbox 1162 3632 1253 3677; x_wconf 84' lang='lat' dir='ltr'>nausa</span> <span class='ocrx_word' id='word_1_234' title='bbox 1268 3610 1448 3696; x_wconf 85' lang='lat' dir='ltr'>gravissima</span> 
     </span>
     <span class='ocr_line' id='line_1_30' title="bbox 345 3706 1356 3801; baseline 0.003 -29"><span class='ocrx_word' id='word_1_235' title='bbox 345 3707 397 3795; x_wconf 85' lang='grc' dir='ltr'>(ιδ</span> <span class='ocrx_word' id='word_1_236' title='bbox 421 3709 580 3794; x_wconf 83' lang='grc' dir='ltr'><strong><em>πατρικὸς</em></strong></span> <span class='ocrx_word' id='word_1_237' title='bbox 603 3709 690 3792; x_wconf 73' lang='grc' dir='ltr'><strong><em>αὐτῷ</em></strong></span> <span class='ocrx_word' id='word_1_238' title='bbox 713 3713 810 3794; x_wconf 83' lang='grc' dir='ltr'><strong><em>φίλος</em></strong></span> <span class='ocrx_word' id='word_1_239' title='bbox 832 3706 933 3799; x_wconf 79' lang='grc' dir='ltr'><strong><em>εἶναι)</em></strong></span> <span class='ocrx_word' id='word_1_240' title='bbox 956 3719 1049 3801; x_wconf 83' lang='lat' dir='ltr'>priori</span> <span class='ocrx_word' id='word_1_241' title='bbox 1071 3719 1290 3784; x_wconf 80' lang='lat' dir='ltr'>adneoteretur.</span> <span class='ocrx_word' id='word_1_242' title='bbox 1316 3751 1356 3760; x_wconf 90' lang='grc'><strong>-</strong></span> 
     </span>
    </p>
   </div>
   <div class='ocr_carea' id='block_1_3' title="bbox 343 3821 1448 4327">
    <p class='ocr_par' dir='ltr' id='par_1_4' title="bbox 343 3821 1448 4327">
     <span class='ocr_line' id='line_1_31' title="bbox 429 3821 1447 3906; baseline 0 -20"><span class='ocrx_word' id='word_1_243' title='bbox 429 3821 497 3888; x_wconf 89' lang='lat' dir='ltr'>Iam</span> <span class='ocrx_word' id='word_1_244' title='bbox 525 3824 562 3889; x_wconf 88' lang='lat' dir='ltr'>de</span> <span class='ocrx_word' id='word_1_245' title='bbox 589 3824 647 3889; x_wconf 91' lang='lat' dir='ltr'>hoo</span> <span class='ocrx_word' id='word_1_246' title='bbox 674 3843 783 3906; x_wconf 85' lang='lat' dir='ltr'>genere</span> <span class='ocrx_word' id='word_1_247' title='bbox 812 3823 986 3906; x_wconf 86' lang='lat' dir='ltr'>disputandi</span> <span class='ocrx_word' id='word_1_248' title='bbox 1013 3821 1105 3888; x_wconf 86' lang='lat' dir='ltr'>finam</span> <span class='ocrx_word' id='word_1_249' title='bbox 1132 3824 1257 3902; x_wconf 79' lang='lat' dir='ltr'>faniam,</span> <span class='ocrx_word' id='word_1_250' title='bbox 1286 3825 1447 3905; x_wconf 87' lang='lat' dir='ltr'>postquam</span> 
     </span>
     <span class='ocr_line' id='line_1_32' title="bbox 344 3908 1448 4012; baseline -0.001 -20"><span class='ocrx_word' id='word_1_251' title='bbox 344 3947 419 4009; x_wconf 87' lang='lat' dir='ltr'>quae</span> <span class='ocrx_word' id='word_1_252' title='bbox 447 3929 540 3993; x_wconf 88' lang='lat' dir='ltr'>verba</span> <span class='ocrx_word' id='word_1_253' title='bbox 562 3925 662 4007; x_wconf 77' lang='lat'>§172</span> <span class='ocrx_word' id='word_1_254' title='bbox 690 3929 844 4012; x_wconf 81' lang='lat' dir='ltr'>leguntur:</span> <span class='ocrx_word' id='word_1_255' title='bbox 881 3908 979 3993; x_wconf 73' lang='grc' dir='ltr'><strong><em>οὗτος</em></strong></span> <span class='ocrx_word' id='word_1_256' title='bbox 1008 3922 1154 4008; x_wconf 78' lang='grc' dir='ltr'><strong><em>προδοὺς</em></strong></span> <span class='ocrx_word' id='word_1_257' title='bbox 1180 3932 1249 3997; x_wconf 81' lang='grc' dir='ltr'><strong><em>τοῖς</em></strong></span> <span class='ocrx_word' id='word_1_258' title='bbox 1276 3921 1448 4003; x_wconf 74' lang='grc' dir='ltr'><strong><em>πολεμίοις</em></strong></span> 
     </span>
     <span class='ocr_line' id='line_1_33' title="bbox 343 4025 1447 4115; baseline -0.002 -25"><span class='ocrx_word' id='word_1_259' title='bbox 343 4025 523 4108; x_wconf 78' lang='grc' dir='ltr'><strong><em>Νύμφαιον</em></strong></span> <span class='ocrx_word' id='word_1_260' title='bbox 548 4027 583 4091; x_wconf 87' lang='grc' dir='ltr'><strong><em>τὸ</em></strong></span> <span class='ocrx_word' id='word_1_261' title='bbox 609 4028 801 4110; x_wconf 68' lang='lat' dir='ltr'>tolletorp,</span> <span class='ocrx_word' id='word_1_262' title='bbox 830 4028 905 4092; x_wconf 82' lang='grc' dir='ltr'><strong><em>τότε</em></strong></span> <span class='ocrx_word' id='word_1_263' title='bbox 928 4029 985 4115; x_wconf 82' lang='grc' dir='ltr'><strong><em>τῆς</em></strong></span> <span class='ocrx_word' id='word_1_264' title='bbox 1008 4028 1135 4100; x_wconf 83' lang='grc' dir='ltr'><strong><em>πόλεως</em></strong></span> <span class='ocrx_word' id='word_1_265' title='bbox 1161 4026 1303 4114; x_wconf 77' lang='grc' dir='ltr'><strong><em>ἐχούσης</em></strong></span> <span class='ocrx_word' id='word_1_266' title='bbox 1326 4025 1361 4090; x_wconf 87' lang='grc' dir='ltr'><strong><em>τδ</em></strong></span> <span class='ocrx_word' id='word_1_267' title='bbox 1387 4048 1447 4105; x_wconf 85' lang='grc' dir='ltr'>χω-</span> 
     </span>
     <span class='ocr_line' id='line_1_34' title="bbox 344 4129 1448 4220; baseline -0.001 -24"><span class='ocrx_word' id='word_1_268' title='bbox 344 4133 417 4218; x_wconf 90' lang='grc' dir='ltr'><strong><em>ρίον</em></strong></span> <span class='ocrx_word' id='word_1_269' title='bbox 441 4135 550 4212; x_wconf 74' lang='grc' dir='ltr'><strong><em>τοῦτο,</em></strong></span> <span class='ocrx_word' id='word_1_270' title='bbox 575 4131 684 4218; x_wconf 82' lang='grc' dir='ltr'><strong><em>φυγὰς</em></strong></span> <span class='ocrx_word' id='word_1_271' title='bbox 707 4129 762 4196; x_wconf 83' lang='lat' dir='ltr'>n&#39;n’</span> <span class='ocrx_word' id='word_1_272' title='bbox 789 4131 990 4216; x_wconf 81' lang='grc' dir='ltr'><strong><em>εἰσαγγελίας</em></strong></span> <span class='ocrx_word' id='word_1_273' title='bbox 1011 4130 1080 4220; x_wconf 79' lang='grc' dir='ltr'>(ἀπ’</span> <span class='ocrx_word' id='word_1_274' title='bbox 1103 4132 1164 4199; x_wconf 79' lang='grc' dir='ltr'><strong><em>εἰσ.</em></strong></span> <span class='ocrx_word' id='word_1_275' title='bbox 1189 4159 1248 4205; x_wconf 81' lang='lat' dir='ltr'>om.</span> <span class='ocrx_word' id='word_1_276' title='bbox 1265 4132 1307 4218; x_wconf 88' lang='grc' dir='ltr'>Β)</span> <span class='ocrx_word' id='word_1_277' title='bbox 1331 4131 1368 4196; x_wconf 84' lang='grc' dir='ltr'>έκ</span> <span class='ocrx_word' id='word_1_278' title='bbox 1391 4134 1448 4215; x_wconf 81' lang='grc' dir='ltr'><strong><em>τῆς</em></strong></span> 
     </span>
     <span class='ocr_line' id='line_1_35' title="bbox 344 4234 1448 4327; baseline -0.001 -27"><span class='ocrx_word' id='word_1_279' title='bbox 344 4236 471 4308; x_wconf 82' lang='grc' dir='ltr'><strong><em>πόλεως</em></strong></span> <span class='ocrx_word' id='word_1_280' title='bbox 494 4237 621 4320; x_wconf 79' lang='grc' dir='ltr'><strong><em>ἐγένετο</em></strong></span> <span class='ocrx_word' id='word_1_281' title='bbox 640 4238 788 4306; x_wconf 78' lang='grc' dir='ltr'><strong><em>θανάτου</em></strong></span> <span class='ocrx_word' id='word_1_282' title='bbox 813 4237 960 4327; x_wconf 72' lang='grc' dir='ltr'><strong><em>(θανάτῳ</em></strong></span> <span class='ocrx_word' id='word_1_283' title='bbox 979 4238 1009 4325; x_wconf 81' lang='lat' dir='ltr'>o)</span> <span class='ocrx_word' id='word_1_284' title='bbox 1033 4242 1324 4320; x_wconf 77' lang='grc' dir='ltr'><strong><em>καταγνωσθέντος</em></strong></span> <span class='ocrx_word' id='word_1_285' title='bbox 1345 4234 1448 4303; x_wconf 74' lang='grc' dir='ltr'><strong><em>αὐτοῦ</em></strong></span> 
     </span>
    </p>
   </div>
   <div class='ocr_carea' id='block_1_4' title="bbox 0 0 1575 5108">
    <p class='ocr_par' dir='ltr' id='par_1_5' title="bbox 0 0 1575 5108">
     <span class='ocr_line' id='line_1_36' title="bbox 0 0 1575 5108; baseline 0 0"><span class='ocrx_word' id='word_1_286' title='bbox 0 0 1575 5108; x_wconf 95' lang='lat' dir='ltr'> </span> 
     </span>
    </p>
   </div>
  </div>
 </body>
</html>
