3128 5108
771 557 990 620 ...20-

327 745 374 807 est
402 741 491 809 Dem.
522 761 563 807 or.
588 741 661 806 XlX
689 743 766 807 197:
801 741 850 804 hic
879 742 960 806 enim
986 740 1099 805 femina
1127 737 1320 822 Olynthiaca
1335 739 1433 802 facere

328 851 457 925 recusat,
484 867 559 929 quae
583 868 615 913 se
637 848 762 933 indigna
784 850 881 930 putat,
906 865 982 930 quae
1005 849 1108 911 tamen
1130 845 1178 910 illi
1198 845 1249 927 qni
1265 863 1355 909 cenae
1379 845 1435 908 ad-

327 954 413 1030 sunt,
439 955 560 1035 captam
584 955 690 1019 decere
713 953 859 1018 iudicant.
906 971 1033 1034 cumque
1056 953 1191 1028 recuset,
1216 952 1337 1031 captam
1362 965 1436 1027 τρα-

327 1054 396 1133 φᾶα
421 1057 534 1123 dicunt.
558 1089 603 1099 -

416 1164 552 1228 Eandem
574 1165 606 1228 ni
628 1164 717 1230 fallor
732 1163 937 1230 calumniandi
961 1162 1209 1228 consuetudinem
1231 1161 1323 1225 verba
1344 1161 1436 1226 redo-

326 1272 400 1350 lent,
426 1292 502 1354 quae
519 1275 661 1358 leguntur
678 1271 697 1349 ἓ
717 1277 757 1339 19
776 1277 807 1339 ct
830 1293 906 1356 qnae
921 1273 1032 1336 mirum
1053 1274 1199 1352 quantum
1215 1291 1233 1336 a
1248 1271 1321 1335 viris
1337 1268 1437 1333 doctis
1558 1272 1560 1331 ἶ

326 1378 467 1442 mutilata
483 1383 561 1446 sunt.
602 1399 670 1444 nam
693 1381 725 1444 in
740 1378 894 1445 codicibus
916 1378 991 1442 haec
1007 1378 1120 1459 scripta
1134 1379 1218 1441 sunt:
1243 1369 1342 1434 πάλιν
1359 1363 1437 1441 τούς

327 1474 546 1563 τριηράρχους
569 1475 781 1552 ὑπευθύνους
805 1470 890 1542 εἶναι
907 1475 1033 1541 κελεύει
1053 1473 1191 1559 δ’νόμος
1214 1471 1254 1539 οό
1276 1473 1314 1538 ed
1339 1472 1437 1538 κοινὰ
1557 1451 1560 1529 δ

326 1583 587 1668 διαχειρίσαντας
604 1582 672 1647 οὐδ’
689 1580 753 1647 όπδ
780 1585 844 1644 των
862 1579 1028 1665 δμετέρων
1054 1579 1227 1664 προσόδων
1251 1577 1356 1642 πολλὰ
1372 1576 1436 1660 μὲν

327 1685 598 1772 ὑφαιρουμένους
621 1693 742 1772 βραχέα
765 1687 800 1750 δὲ
822 1690 1023 1756 καταθέντας
1038 1683 1104 1773 (Ah,
1129 1688 1361 1755 κατατιθέντας
1383 1682 1436 1770 Β),
1557 1653 1560 1719 Ῐ

331 1793 517 1858 ἐπιδιδόναι
540 1793 575 1856 δὲ
600 1792 788 1874 φόσκοντας
812 1788 1032 1863 α’ποδιδόατας
1059 1790 1094 1854 δὲ
1118 1787 1196 1871 ὑμῖν
1220 1787 1258 1852 τὰ
1283 1785 1435 1876 ὑμέτερα,
1557 1809 1560 1869 s

330 1897 399 1963 ἄλλ’
425 1897 700 1980 ὁμολογουμένως
722 1897 813 1986 (τοὺς
829 1905 898 1969 add,
916 1899 974 1985 Ab)
998 1895 1055 1969 τὰς
1078 1895 1228 1979 πατρῴας
1251 1891 1366 1968 οὐσίας
1388 1893 1438 1969 εἰς
1558 1894 1560 1917 ¹

327 2004 385 2091 τὴν
405 2003 485 2090 πρὸς
500 2003 583 2086 ὑμᾶς
599 2001 807 2092 ἀνηλωκότας
822 2007 1025 2087 φιλοτιμίαν,
1061 2010 1174 2075 Bakius
1190 2005 1365 2086 („Scholica
1379 2007 1437 2090 hy·
1556 2043 1558 2065 r

327 2113 538 2198 pomnemata“
566 2118 663 2200 Lugd.
681 2117 787 2181 Batav.
815 2119 899 2183 1852
923 2118 981 2182 vol.
998 2117 1042 2180 IV
1058 2137 1087 2199 p.
1106 2107 1184 2196 318)
1208 2133 1277 2178 vero
1300 2115 1437 2193 praeter·

328 2242 419 2305 quam
443 2223 523 2305 quod
546 2243 600 2306 pro
623 2217 882 2302 διαχειρίσαντας
906 2222 1011 2288 scribit
1035 2216 1289 2297 διαχειρίζοντας
1312 2220 1344 2282 et
1367 2210 1437 2274 ἐπι.
1557 2283 1559 2312 r

327 2320 454 2385 διδόναι
479 2344 513 2385 τε
541 2346 595 2409 pro
620 2319 806 2385 ἐπιδιδόναι
830 2321 880 2399 δέ,
909 2328 1056 2410 probante
1080 2327 1244 2392 Weidnero
1268 2316 1359 2403 (com.
1386 2325 1435 2389 ed.
1557 2409 1558 2413 Ἰ

328 2433 409 2514 lips.
436 2434 526 2497 adh.
552 2429 588 2512 l.)
612 2435 795 2499 vocabulum
824 2427 997 2514 προσόδων
1027 2432 1114 2514 quasi
1142 2431 1309 2496 insiticium
1340 2430 1434 2499 delet.

329 2558 421 2620 quem
449 2539 548 2603 virum
576 2538 699 2603 doctum
731 2539 921 2604 coniectandi
949 2538 1075 2604 libidine
1110 2537 1265 2619 superavit
1293 2536 1436 2602 Schmidt

329 2636 364 2724 (l.
377 2645 398 2707 l.
409 2663 439 2725 p.
457 2636 533 2724 111)
547 2663 617 2708 cum
632 2645 760 2709 alteram
776 2643 958 2727 particulam
974 2638 1011 2701 δέ
1025 2646 1095 2726 post
1110 2633 1328 2707 ἀποδιδόντας
1344 2643 1436 2707 extir-

328 2753 391 2831 pat.
438 2768 535 2831 neque
563 2752 666 2813 tamen
689 2753 742 2814 aut
761 2749 906 2814 mutando
931 2753 983 2814 aut
1005 2749 1132 2813 delendo
1156 2767 1258 2812 veram
1279 2748 1435 2830 scriptoris

328 2875 452 2919 manum
469 2855 600 2920 assecuti
616 2859 695 2933 sunt,
713 2856 766 2920 sed
783 2855 863 2938 quod
879 2855 1032 2937 propriam
1044 2855 1171 2920 oratoris
1187 2853 1436 2919 consuetudinem

331 2979 438 3042 parum
455 2960 616 3044 diligenter
632 2961 836 3040 observarant,
860 2960 990 3043 genuina
1013 2961 1106 3025 verba
1121 2963 1325 3041 conuperunt.
1365 2979 1435 3024 nam

333 3070 471 3147 tempora
493 3069 606 3131 acrisia
628 3060 885 3146 διαχειρίσαντας
912 3068 944 3130 et
967 3064 1168 3130 καταθέντας
1196 3057 1253 3145 (sic
1278 3065 1358 3129 enim
1382 3084 1435 3147 op·

329 3170 399 3234 timi
421 3169 491 3234 libri
509 3167 528 3246 ¹)
551 3171 658 3236 consili
674 3174 843 3236 coralorem
867 3170 1002 3253 posuisse
1024 3171 1124 3237 iudico
1149 3191 1217 3236 eam
1240 3172 1277 3237 ob
1302 3189 1433 3247 cansam,

330 3274 409 3358 quod
424 3261 499 3340 talia
515 3276 563 3340 vel
580 3276 692 3339 similia
707 3276 799 3339 verba
814 3274 939 3340 nationis
955 3276 1126 3342 reddendae
1149 3277 1288 3344 formulis
1311 3278 1434 3354 inserta,

330 3399 404 3462 quas
427 3381 528 3445 orator
550 3380 599 3444 hic
622 3380 654 3443 in
670 3381 771 3443 mente
795 3378 897 3457 hebet,
921 3382 1043 3460 tempus
1066 3381 1212 3446 aoristum
1228 3383 1326 3447 solent
1347 3401 1435 3466 prae-

329 3485 413 3551 bere:
438 3475 506 3542 coiaJ
525 3482 556 3559 (ξ
571 3483 624 3562 22)
641 3479 761 3560 ἔλαβον
777 3475 875 3540 οόδὲν
892 3481 956 3540 τόν
972 3481 1029 3564 τῆς
1044 3480 1171 3552 πόλεως
1188 3477 1256 3546 οὔτ’
1272 3478 1436 3569 ἀνήλωσα,

329 3594 363 3655 ut
385 3599 557 3673 temporum
581 3590 789 3656 diversitatem
814 3610 849 3654 ex
866 3590 1032 3656 scribarum
1049 3591 1242 3676 neglegentia
1257 3596 1355 3659 ortam
1370 3615 1435 3661 esse

329 3715 447 3780 negem.
488 3696 629 3762 Schmidt
653 3714 722 3761 vero
746 3695 824 3776 qnod
842 3696 936 3759 Balio
961 3698 1082 3761 auctore
1106 3691 1292 3756 ἐπιδιδόναι
1316 3693 1351 3757 δὲ
1375 3695 1436 3776 φό-

331 3816 469 3872 σκοντας
499 3807 597 3868 mutat
623 3803 655 3867 in
684 3795 868 3861 ἐπιδιδόναι
893 3819 926 3859 τε
951 3797 1140 3879 φάσκοντας
1162 3805 1286 3889 insuper
1307 3802 1345 3865 δέ
1367 3815 1438 3890 post

331 3900 551 3973 ἀποδιδόντας
581 3927 754 3992 expungens
783 3899 823 3986 (v.
849 3910 1004 3990 praeterea
1026 3928 1056 3990 p.
1078 3902 1150 3991 46),
1181 3912 1330 3992 quomodo
1358 3914 1437 3979 inter

404 4061 424 4128 ¹)
449 4064 553 4118 sedulus
583 4065 689 4119 ulterius
714 4063 871 4117 recensionis
894 4067 1078 4132 grammaticus
1103 4071 1297 4129 κατατιθένιας
1325 4070 1437 4138 scripsit,

330 4150 400 4220 qnod
419 4151 468 4205 hoc
486 4154 593 4207 verbnm
613 4156 683 4207 inter
707 4153 855 4220 praesentia
879 4155 998 4222 tempore
1021 4155 1187 4208 interiectum
1205 4156 1312 4225 insuper
1330 4173 1436 4226 respon·

331 4239 405 4294 deret
422 4240 501 4308 priori
523 4240 737 4312 ὑφαιρουμένους.
760 4265 791 4276 *r
