3128 5108
803 551 999 612 ..6-

343 728 507 811 qonuinam
538 732 705 800 orationem
731 733 889 819 irrepsisse
913 734 1062 801 adductus
1091 737 1147 800 est.
1194 735 1242 800 oui
1271 733 1453 800 emendandi

343 833 453 900 rationi
476 837 550 920 quid
574 843 654 906 esset
678 842 884 921 tribuendum,
906 841 970 908 iam
993 843 1046 908 alii
1071 841 1126 908 viri
1150 842 1233 909 docti
1255 841 1450 917 edocuerunt,

342 940 441 1005 veluti
464 943 582 1010 Baelrer
594 941 616 1025 ¹)
640 949 671 1012 et
685 940 908 1034 Rosenberg¹).
956 948 1009 1013 sed
1032 948 1142 1031 quibus
1164 948 1240 1014 locis
1263 947 1294 1012 in
1311 946 1452 1012 omnibus

343 1046 499 1134 codicibus
516 1052 623 1118 eadem
639 1055 791 1140 leguntur,
815 1054 863 1120 his
878 1055 1129 1139 interpolatorum
1145 1055 1308 1121 sedulitate
1325 1052 1453 1120 oratoris

343 1150 435 1240 uerba
458 1174 547 1239 saepe
572 1158 736 1242 depravata
753 1179 819 1225 osse
844 1179 902 1242 quo
925 1161 989 1225 iure
1013 1161 1070 1226 viri
1087 1161 1169 1226 docti
1185 1158 1356 1236 statuerint,
1382 1177 1453 1222 oum

343 1259 491 1340 peculiari
515 1262 719 1345 disputatione
744 1285 833 1333 nemo
858 1267 957 1333 adbuc
983 1269 1129 1349 quantum
1159 1265 1220 1330 scio
1244 1256 1454 1348 perscrutatus

346 1363 395 1439 sit,
420 1384 474 1447 per
496 1368 577 1433 huno
600 1370 739 1436 libellum
762 1371 932 1438 accuratius
955 1373 1095 1455 persequi
1118 1371 1193 1436 mibi
1216 1371 1247 1435 in
1271 1367 1371 1434 animo
1394 1371 1453 1434 est.

345 1469 401 1534 sed
422 1491 460 1535 ne
483 1473 569 1539 ouius
595 1495 680 1556 spem
705 1476 812 1542 fallam
835 1497 910 1543 neve
932 1479 1021 1561 plura
1036 1476 1140 1542 videar
1161 1475 1339 1558 promittere
1361 1493 1455 1558 quam

344 1577 521 1658 praestabo,
550 1579 582 1645 id
607 1600 663 1665 ago
687 1583 744 1648 bac
767 1583 1089 1660 commentatiuncula,
1119 1602 1177 1647 non
1204 1583 1241 1646 nt
1267 1582 1365 1644 totum
1395 1579 1455 1644 hoc

344 1699 440 1764 genus
469 1702 523 1766 por
551 1687 614 1751 tres
643 1707 719 1769 qnae
749 1691 910 1772 supersunt
940 1689 1089 1754 orationes
1116 1705 1305 1770 percurram,
1336 1686 1390 1750 sed
1419 1687 1456 1749 nt

343 1789 463 1870 partem
486 1808 611 1871 parvam
633 1793 719 1859 illam
737 1794 858 1877 quidem
876 1794 930 1858 sed
952 1795 1041 1876 longe
1056 1792 1268 1878 gravissimam
1285 1790 1453 1856 absolvam.

345 1891 447 1958 dicam
470 1896 550 1960 enim
575 1896 611 1962 de
630 1897 864 1982 Ctesiphonteae
887 1900 930 1965 eis
953 1900 1039 1978 locis,
1065 1898 1174 1983 quibus
1197 1917 1303 1963 veram
1327 1897 1455 1961 oratoris

317 2042 321 2069 ι
350 2001 532 2067 sententiam
555 2003 680 2068 asciolo
704 2005 805 2070 nescio
830 2025 888 2089 quo
912 2006 1108 2089 depravatam
1131 2007 1220 2086 atque
1243 2001 1454 2086 perturbatam

345 2105 1454 2184 mmmffifflfflfflmmmmm

344 2209 457 2275 tionem
481 2214 587 2293 secuti,
610 2216 645 2279 ut
667 2235 703 2280 ea
717 2217 809 2281 verba
832 2217 972 2297 eicerent,
998 2215 1107 2300 quibus
1124 2215 1319 2281 difficultates
1342 2213 1447 2278 inbae-

343 2313 461 2381 rebant.
494 2354 534 2364 -
566 2319 656 2384 buius
678 2340 748 2386 vero
778 2322 963 2404 quaestionis
995 2340 1084 2386 amo
1108 2341 1200 2405 quam
1222 2319 1449 2385 accuratissime

344 2421 505 2487 institutae
521 2442 608 2506 spero
631 2424 763 2491 fructum
780 2445 849 2491 eum
871 2426 945 2506 fore,
968 2427 1004 2491 ut
1019 2425 1130 2509 ubique
1148 2424 1275 2490 oratoris
1291 2424 1323 2488 et
1337 2441 1452 2488 morem

346 2530 376 2590 ot
400 2528 561 2592 consilium
583 2529 798 2615 intellegamus
821 2534 911 2616 atque
935 2529 1056 2614 penitus
1080 2549 1306 2614 cognoscamus,
1331 2561 1375 2570 -

433 2634 534 2717 Atque
552 2635 718 2703 disserendi
740 2639 862 2705 initium
885 2638 1005 2721 capiam
1020 2657 1038 2702 a
1054 2635 1074 2713 ἓ
1091 2638 1144 2718 25,
1169 2656 1245 2722 quae
1263 2636 1335 2720 quid
1351 2635 1454 2702 valeat

346 2738 372 2802 si
396 2741 478 2804 recte
502 2745 754 2824 perspexerimus,
780 2743 817 2809 de
832 2744 1029 2829 magistratus
1053 2763 1171 2826 quoque
1188 2741 1261 2821 eius,
1287 2742 1337 2824 qui
1361 2731 1453 2798 ὄέπὶ

345 2840 391 2919 τῷ
407 2843 558 2926 deopaxpl
580 2841 691 2927 doxon
715 2851 895 2935 appellatur,
920 2850 1027 2916 officiis
1050 2850 1162 2916 rectius
1184 2849 1332 2914 iudicium
1353 2847 1452 2913 facere

345 2949 458 3016 licebit.
505 2953 536 3019 in
560 2954 714 3021 codicibus
738 2959 840 3022 autem
864 2956 1003 3021 omnibus
1024 2958 1145 3021 exarata
1160 2957 1232 3021 sunt
1253 2955 1327 3018 haec
1343 2954 1452 3018 verba:

345 3049 517 3136 Πρότερον
530 3049 675 3140 (πρῶτον
687 3051 727 3142 Β)
744 3053 806 3135 μὲν
823 3056 947 3135 τοίνυν,
965 3043 989 3116 (δ
1006 3051 1123 3139 ἄνδρες
1138 3052 1304 3140 Ἀθηναῖοι
1316 3048 1389 3139 (om.
1401 3048 1452 3139 Α),

347 3153 568 3242 ἀντιγραφεὺς
601 3148 642 3246 ἢν
670 3157 903 3248 χειροτονητὸς
931 3161 970 3247 τῇ
999 3157 1110 3242 πόλει,
1142 3155 1178 3230 δς
1207 3161 1282 3221 καθ’
1312 3157 1452 3245 ἑκάστην

346 3264 546 3348 πρυτανείαν
577 3261 787 3345 ἀπελογίζετο
818 3263 874 3337 τὰς
901 3264 1087 3352 προσόδους
1116 3267 1161 3346 τῷ
1189 3261 1296 3352 δήμῳ·
1332 3261 1385 3326 διὰ
1416 3263 1451 3326 δὲ

346 3367 406 3456 τὴν
430 3367 514 3454 πρὸς
529 3367 703 3452 Εὔβουλον
727 3375 910 3458 γενομένην
935 3371 1045 3436 πίστιν
1069 3366 1148 3451 ὑμῖν
1172 3371 1208 3433 οί
1228 3365 1284 3432 ἐπὶ
1307 3367 1343 3433 τὸ
1368 3373 1451 3433 θεω-

346 3473 441 3562 ρικόν
471 3481 782 3564 κεχειροτονημένοι
812 3465 915 3565 ἦρχον
951 3475 1029 3566 μὲν,
1064 3473 1143 3560 πρὶν
1177 3473 1234 3538 τὸν
1260 3471 1452 3562 Ἡγήμονος

346 3579 452 3661 νόμον
477 3585 641 3663 γενέσθαι,
666 3580 726 3669 τὴν
751 3586 812 3646 τοῦ
835 3581 1059 3668 όντιγραφὲως
1082 3583 1246 3666 (γραφέως
1267 3579 1310 3668 A)
1334 3578 1448 3670 ἀρχὴν,

346 3676 451 3773 ἦρχον
474 3686 510 3750 δὲ
526 3684 586 3768 τήν
609 3691 674 3751 τῶν
691 3686 884 3754 ἀποδεκτῶν
909 3685 962 3752 καὶ
977 3690 1124 3773 νεωρίων
1148 3684 1254 3774 ἀρχὴν
1271 3683 1325 3750 καὶ
1341 3706 1452 3752 σκευο-

348 3792 458 3882 θήκην
475 3791 680 3877 ᾠκοδόμουν,
708 3785 792 3884 ἦσαν
808 3795 844 3861 δὲ
861 3793 915 3860 καὶ
931 3798 1013 3865 κτλ..
1037 3822 1135 3885 nequo
1159 3800 1224 3866 sine
1247 3818 1339 3865 causa
1361 3799 1454 3865 verba

421 3973 441 4038 ¹)
460 3976 516 4038 „De
540 3975 786 4045 interpolationibus
812 3977 939 4032 orationis
958 3977 1051 4032 Aesoh.
1071 3980 1162 4032 contra
1181 3973 1312 4030 Timarch.
1330 3971 1452 4028 habitae“

348 4057 409 4118 dias.
429 4061 574 4133 Gryphisw.
592 4063 677 4119 Berol.
698 4064 775 4120 1875.
797 4093 828 4100 -

419 4149 439 4215 'l
460 4151 528 4214 „Zur
546 4153 626 4210 kritilr
644 4170 696 4208 von
710 4151 850 4208 Aeschines
869 4151 1081 4222 Ctesiphontea“
1110 4168 1198 4220 progr.
1212 4163 1331 4218 gymnas.
1347 4147 1453 4205 Hirsch-

348 4238 419 4308 berg.
456 4239 561 4305 Lipsiae
582 4241 662 4306 18783
682 4241 714 4296 of.
733 4240 816 4306 Blass,
835 4242 959 4296 Bursians
976 4241 1180 4309 jabresberiohte
1201 4237 1278 4301 1880,
1298 4254 1322 4306 p.
1337 4238 1398 4294 206.
1420 4265 1451 4274 -
