3128 5108
570 579 791 643 ⁸„.19...

127 750 221 822 οἶδεν
239 753 400 822 οὐδέποτε
417 759 571 843 ἐσόμενα,
591 762 696 847 τολμᾷ
712 759 829 848 λέγειν,
847 759 892 832 εἰς
908 758 1002 828 ὅποτ’
1018 761 1118 833 ἔσται.
1152 766 1239 831 addit

125 887 199 934 vero
226 868 316 933 alteri
344 870 481 936 membro
516 873 572 936 hoo
608 891 741 954 quoque:
778 866 911 950 πρῶτον
939 865 1001 946 μὲν
1030 865 1106 947 μεθ’
1133 862 1237 952 ὅρκου

126 968 305 1056 ψεύδεται,
332 979 368 1041 ut
395 997 470 1059 quae
500 998 579 1043 nuno
608 975 750 1060 leguntur
777 981 859 1044 neoto
882 979 962 1044 inter
991 999 1022 1044 se
1045 979 1158 1062 opponi
1178 999 1237 1045 non

129 1080 298 1148 videantur.
326 1118 366 1127 —

217 1185 297 1266 Quid
322 1178 404 1270 quod
427 1184 444 1266 θ
466 1191 509 1254 20
533 1191 683 1256 sententia
704 1191 884 1272 interioitnr‚
909 1211 986 1274 qnae
1011 1191 1110 1256 aliena
1134 1194 1181 1256 est
1208 1196 1239 1256 et

128 1296 366 1382 segregandae
394 1299 460 1363 tota
488 1299 763 1381 argumentatione,
796 1319 887 1382 quam
913 1299 982 1365 iniit
1006 1318 1024 1365 a
1047 1297 1066 1373 ἕ
1086 1301 1136 1365 17.
1183 1299 1238 1364 sed

122 1404 240 1468 mirum
269 1407 416 1484 qnantum
445 1423 549 1469 ornnes
578 1404 676 1469 adhue
699 1404 758 1470 viri
781 1403 862 1470 dooti
890 1405 996 1469 fortius
1019 1405 1238 1487 interpungnnt

126 1511 197 1593 post
222 1500 426 1581 κολάζουσιν,
452 1530 522 1588 onrn
538 1511 668 1592 scriptor
680 1528 731 1575 me
746 1508 847 1574 iudioe
869 1510 965 1574 talem
981 1511 1148 1576 orationem
1165 1526 1239 1606 oon-v

123 1616 256 1680 formare
284 1616 432 1680 voluerit:
469 1609 530 1675 οὐκ
559 1607 623 1695 άρα
652 1608 946 1696 στεφανωθήσεται
974 1607 993 1696 ἡ
1021 1610 1125 1698 βουλή
1155 1608 1175 1696 ἡ
1203 1610 1238 1687 ἐξ

127 1719 256 1802 Ἀρείου
280 1716 405 1797 πάγου,·
429 1715 506 1782 οὐδὲ
531 1716 590 1801 γὰρ
616 1718 757 1801 πάτριον
782 1715 902 1790 αὐτοῖς,
939 1715 1000 1782 ουίι
1023 1716 1086 1804 ἄρα
1110 1721 1236 1803 φιλοτι-

123 1824 285 1904 peoora,-
308 1822 397 1886 πάνυ
422 1845 466 1912 γε,
491 1821 559 1888 ἀλλ’
586 1821 648 1889 οὐκ
671 1821 850 1905 ἀγαπῶσιν,
876 1824 933 1888 ἐάν
958 1848 1005 1896 τις
1028 1823 1101 1911 παρ’
1126 1822 1237 1897 ανλτοῐς

123 1927 171 2014 μὴ
199 1927 305 2014 α’δικῃ.
334 1967 377 1976 -—
402 1926 461 1994 άλλ
488 1929 546 1994 ἐάν
575 1953 622 2002 τις
654 1929 872 2018 ἐξαμαρτάνῃ,
902 1930 1115 2019 κολάζουσιν,
1144 1933 1180 1996 oo‘
1199 1931 1235 1996 δὲ

125 2033 283 2119 ὑμέτεροι
307 2034 444 2121 ῥήτορες
457 2039 634 2119 τρυφῶσι·
655 2061 726 2106 narn
748 2043 792 2107 aio
815 2043 851 2108 nt
873 2042 971 2107 adhue
996 2042 1120 2124 quidem
1141 2042 1185 2121 fit,
1210 2043 1237 2108 ei

123 2147 290 2212 sententiaa
319 2165 528 2230 segregamur,
557 2146 649 2212 verba
671 2148 761 2214 heeo:
792 2143 828 2206 oi
854 2141 889 2206 δὲ
918 2139 1073 2224 ὑμέτεροι
1101 2141 1237 2229 ῥήτορες

124 2249 291 2334 τρυφῶσι,
323 2252 432 2334 quibus
459 2252 623 2318 adversarii
646 2254 823 2335 carpuntur,
854 2272 913 2336 qua
939 2274 971 2318 re
984 2243 987 2248 ’
1000 2253 1130 2340 aoriptor
1151 2274 1235 2320 oom-

123 2363 226 2426 motns
249 2360 289 2424 eit
310 2362 345 2424 ut
368 2357 511 2438 adiceret,
534 2360 659 2424 minime
683 2378 719 2423 er
742 2360 786 2426 eie
809 2359 918 2436 elucet,
943 2378 1018 2442 quae
1042 2361 1233 2428 anteoedunt.

123 2467 244 2532 aooedit
271 2467 352 2549 quod
380 2486 417 2531 ne
440 2467 503 2533 'hoo
533 2466 656 2549 quidem
679 2467 881 2552 intellegitur,
914 2487 973 2551 qua
999 2468 1114 2532 ratione
1143 2470 1236 2534 verbe

123 2592 204 2656 quae
228 2575 298 2638 sunt
321 2564 388 2630 ἀλλ’
406 2565 463 2629 ἐάν
481 2588 529 2637 τις
545 2566 749 2653 ἐξαμαρτάνῃ
765 2565 962 2642 κολάζουσιν
986 2573 1235 2642 anteeedentibus

123 2681 322 2762 opponentur.
362 2693 438 2744 nam
457 2698 642 2762 quamquam
666 2681 758 2744 verba
781 2672 869 2737 πάνυ
886 2695 922 2754 γε
944 2671 1001 2758 (ee.
1019 2674 1234 2756 φιλοτιμοῦν-

121 2777 191 2866 ται)
215 2775 282 2843 ἀλλ’
311 2775 372 2843 οὐκ
400 2777 583 2862 ἀγαπῶσιν,
614 2777 671 2842 ἐάν
696 2803 743 2853 τις
766 2777 833 2866 παρ’
856 2776 969 2851 αὐτοῖς
991 2778 1037 2867 μὴ
1062 2777 1158 2867 άδικῃ
1179 2807 1234 2870 por

121 2913 156 2957 ae
179 2892 302 2974 plenam
325 2891 507 2957 sententiam
530 2895 561 2956 et
581 2892 731 2976 integram
747 2892 898 2971 exhibent,
923 2893 1037 2974 siquis
1060 2895 1163 2957 tomen
1179 2894 1233 2959 do·

39 3081 48 3090 .
122 2991 252 3062 siderari
282 2997 399 3080 aliquid
427 2995 557 3077 indicat,
586 3016 708 3062 neeesse
737 2999 784 3062 est
812 2999 962 3063 sententia
991 2998 1035 3064 sie
1058 2999 1231 3081 expleatur:

123 3103 318 3187 areopagitae
339 3103 439 3168 laudis
462 3105 552 3185 atque
576 3103 691 3186 gloriae
709 3122 894 3187 quamquam
909 3103 1175 3182 sententiatim,
1199 3109 1233 3170 nt

121 3209 337 3289 honorificent,
365 3209 521 3274 nonsatis
546 3209 672 3274 eredunt
694 3209 737 3272 nil
761 3210 868 3291 eulpae
897 3229 1081 3292 quemquam
1106 3212 1231 3276 eommi-

121 3317 214 3394 siase‚
244 3313 298 3380 sed
320 3315 402 3380 ultra
430 3316 572 3398 poseant,
601 3317 636 3379 ut
659 3333 701 3380 eo.
726 3334 816 3397 super
840 3314 977 3381 debitum
1004 3315 1105 3381 faeiat.
1155 3336 1231 3400 quae

122 3441 194 3488 oum
216 3421 261 3486 ita
290 3421 364 3499 sint,
394 3420 486 3485 verba
508 3412 703 3490 κολάζουσιν
732 3422 763 3485 et
791 3416 827 3478 αἱ
847 3413 882 3479 δὲ
910 3412 1065 3498 ὑμέτεροι
1095 3417 1232 3504 ῥήτορες

122 3521 272 3608 τρυφῶσι
302 3527 368 3609 pari
389 3527 460 3611 ingo
484 3527 644 3610 coniugata
666 3545 726 3592 nna
748 3526 905 3592 referenda
936 3548 1002 3593 ease
1025 3529 1062 3594 ad
1083 3548 1128 3607 ea,
1154 3550 1230 3613 qnae

122 3633 321 3700 antecedunt:
346 3623 413 3690 oto
438 3625 496 3690 ἐάν
520 3648 567 3698 τις
590 3624 803 3713 ἐξαμαρτάνῃ,
827 3653 1006 3716 persuasum
1029 3636 1135 3702 habeo.
1182 3637 1230 3703 hie
1332 3694 1335 3700 .

120 3741 218 3819 enim,
248 3758 323 3821 quae
348 3738 540 3824 areopagitae
567 3739 682 3823 gloriae
711 3740 742 3803 et
764 3739 886 3805 honoris
918 3760 1010 3823 quam
1032 3742 1134 3824 oppidi
1158 3742 1228 3823 sint,

120 3847 247 3912 minime
264 3845 381 3924 docent,
406 3847 505 3910 orator
520 3844 626 3923 utitur,
650 3847 685 3909 nt
699 3845 921 3928 intennmpens
937 3849 1230 3930 argumentationem

119 3953 295 4036 patefaciat,
320 3973 411 4036 quam
429 3953 580 4018 diversam
596 3953 706 4036 egendi
727 3953 887 4032 rationem,
910 3954 937 4018 ei
951 3973 1056 4019 revera
1079 3955 1147 4037 qnia
1163 3957 1251 4031 onl-,

119 4078 192 4141 pern
222 4059 423 4138 commiserit,
459 4058 651 4142 areopagitae
678 4058 782 4125 ineant
805 4050 840 4124 'et
867 4059 1039 4124 adversarii.
1098 4059 1228 4141 τρυφᾶν

119 4185 191 4230 vero
216 4164 254 4230 de
270 4183 305 4230 eo
322 4165 442 4246 dieitur,
468 4165 520 4248 qui
542 4164 630 4230 aliter
651 4163 716 4248 agit
730 4183 765 4230 ae
788 4183 842 4247 pro
858 4164 923 4230 eius
939 4165 1117 4260 oondieione
1130 4168 1228 4248 donet

119 4273 156 4336 nt
169 4273 252 4335 reete
268 4274 438 4353 opponatur
452 4270 543 4335 verbo
561 4262 720 4340 κολάζειν.
756 4270 929 4351 exemplum
951 4270 1228 4424 ingelentimirnum
