3128 5108
614 538 813 600 -9-

145 721 295 806 refutem,
321 745 372 790 me
388 725 465 791 ratio
481 727 583 794 movet
605 744 650 803 ea,
675 725 755 808 quod
778 744 827 790 res
848 725 915 807 ipsa
939 743 1016 808 quae
1039 723 1110 789 inde
1133 721 1267 790 nascitur

144 849 213 896 non
245 829 290 896 ita
319 831 486 914 probabilis
513 830 648 896 videon:
682 850 814 913 namque
841 820 1002 908 ἄρχοντας
1031 819 1087 887 ἐπὶ
1115 825 1159 903 τῷ
1182 825 1266 886 θεω-

147 930 237 1014 ρικῷ
259 937 355 1002 simul
369 937 463 1003 fuisse
488 928 706 1017 ἀντιγραφέως
729 939 760 1002 ei
783 927 964 1004 ἀποδέκτας
987 939 1018 1002 eb
1033 931 1180 1013 νεωρίων
1197 926 1266 994 ἔπι·

149 1035 296 1124 μελητᾶς
325 1042 464 1108 efficitur.
514 1042 609 1124 quid?
643 1042 755 1108 licetne
780 1043 880 1107 auimo
904 1041 1017 1127 fingere
1041 1039 1189 1106 scaenicis
1210 1058 1266 1122 pe·

150 1149 252 1214 cuniis
274 1150 442 1232 praefectos
466 1153 513 1216 tot
536 1151 689 1234 tanbsque
706 1152 830 1233 tamque
854 1148 997 1235 gravibus
1012 1148 1188 1214 munoribus
1205 1166 1266 1212 uua

148 1255 274 1322 functos
289 1261 377 1322 esse?
399 1276 498 1322 nonne
521 1257 596 1322 haec
619 1258 787 1322 humanum
803 1256 929 1322 modum
946 1273 1088 1337 superare
1104 1253 1267 1320 videntur?

152 1360 285 1445 denique
309 1381 381 1428 casn
404 1365 548 1445 putamus
573 1362 737 1440 accidisse.
763 1361 845 1446 quod
868 1362 943 1426 haec
967 1360 1135 1436 officiorum
1159 1379 1266 1425 cumu-

150 1467 227 1532 latio
251 1486 269 1532 a
292 1469 412 1534 nemine
436 1473 691 1536 commemoratur
709 1462 752 1551 ι)1
776 1490 835 1535 νον
858 1469 1027 1552 opinamur.
1073 1487 1172 1552 neque
1194 1484 1265 1531 vero

151 1569 210 1635 hoc
235 1571 443 1655 amplificandi
465 1573 566 1639 studio
590 1575 766 1651 excusatur,
802 1574 884 1656 qnod
914 1591 986 1638 sane
1009 1571 1141 1638 multum
1165 1575 1213 1638 est
1234 1573 1265 1637 in

150 1676 305 1742 Aeschine
321 1679 352 1742 et
367 1679 478 1743 oratori
494 1678 584 1744 facile
601 1678 798 1744 condonatur.
838 1677 940 1743 verbis
956 1678 1038 1742 enim
1053 1676 1143 1743 nudis
1159 1660 1265 1758 ἦρχον

150 1777 216 1860 μὲν
232 1777 293 1865 τὴν
309 1783 369 1843 τοῦ
384 1779 610 1865 ἀντιγραφέως
625 1779 742 1868 ἀρχὴν,
756 1769 860 1868 ἦρχον
874 1779 909 1844 δὲ
922 1777 982 1866 τὴν
995 1782 1060 1842 τῶν
1073 1776 1265 1843 ἀποδεκτῶν

153 1882 210 1949 καὶ
233 1886 381 1967 νεωρίων
405 1885 430 1948 τ’
450 1884 651 1967 ἐπεμέλοντο
676 1912 783 1957 verum
804 1893 885 1958 inest
907 1895 960 1958 aut
982 1892 1111 1969 falsum,
1141 1890 1266 1956 tertium

153 1995 284 2080 cogitari
319 1998 434 2080 nequit.
470 2029 514 2038 -
549 1998 603 2064 sed
638 1999 822 2065 contrauiam
855 1998 937 2064 mam
964 1998 1119 2083 ingressus
1147 1997 1266 2062 Dobree

154 2094 292 2181 (nNotae
316 2103 356 2168 ad
371 2100 572 2170 Aeschinem*
599 2106 742 2172 Adverso.
761 2105 808 2172 ed.
826 2106 961 2189 Wagner
984 2105 998 2167 Ι
1021 2124 1050 2187 p.
1069 2098 1146 2180 338)
1170 2103 1265 2168 altero

152 2199 261 2290 ἀρχήν
285 2209 371 2293 quasi
393 2209 526 2276 insiticio
551 2212 651 2277 deleto
675 2231 729 2295 pro
752 2208 899 2292 νεωρίων
923 2210 1031 2276 scribit
1053 2202 1209 2290 νεώριον,
1233 2211 1268 2274 ut

155 2334 233 2398 quae
261 2318 378 2382 restant
406 2316 437 2380 in
460 2317 539 2382 hauc
563 2319 731 2383 orationem
753 2319 873 2397 coeant,
903 2317 1001 2400 primo
1030 2318 1157 2399 aspectu
1185 2314 1267 2380 hand

155 2421 407 2504 improbabilem:
435 2416 470 2480 οἱ
489 2413 545 2480 ἐπὶ
569 2415 603 2480 τὸ
630 2415 796 2499 θεωρικὸν
821 2419 1134 2504 κεχειροτονημένοι
1162 2404 1266 2502 ἦρχον
1378 2426 1379 2429 ’

155 2519 247 2604 μὲν,
268 2577 302 2593 ,,
332 2518 392 2607 τὴν
423 2523 483 2586 τοῦ
511 2519 736 2608 οἷντιχραφέως
763 2519 884 2610 οἷρχὴν,
915 2511 1019 2608 ἦρχον
1048 2520 1084 2586 δὲ
1112 2519 1172 2607 τὴν
1201 2523 1266 2583 τῶν

155 2625 359 2714 ἀποδεκτῶν,
378 2624 432 2691 καὶ
449 2627 591 2712 νεώριον
608 2626 662 2692 καὶ
679 2629 892 2716 σκευοθήκην
907 2626 1114 2710 ᾠκοδόμουν.
1130 2633 1266 2717 proxime

156 2738 245 2806 abest
266 2740 304 2806 ab
327 2741 386 2806 hac
410 2741 595 2807 correctione
618 2742 745 2822 KaibeI,
777 2762 846 2808 cum
869 2733 909 2822 (l.
933 2743 956 2808 1.
979 2761 1010 2824 p.
1034 2733 1115 2822 409)
1145 2733 1266 2818 νεοίριο

154 2846 250 2912 scribi
273 2846 369 2912 iubet.
417 2867 452 2911 ac
475 2848 575 2929 posito
598 2851 633 2912 ut
648 2847 767 2914 Dobroe
791 2868 893 2914 veram
917 2848 1045 2913 oratoria
1068 2867 1193 2912 manum
1217 2866 1266 2914 aa·

155 2954 280 3018 secutus
306 2953 364 3030 sit,
388 2972 480 3018 causa
503 2955 693 3036 corruptelae
718 2946 769 3035 (cf.
795 2954 906 3019 Kaibel
930 2954 950 3019 l.
975 2954 995 3019 l.
1020 2973 1050 3035 p.
1068 2955 1134 3020 409
1151 2945 1212 3034 aq.)
1234 2953 1267 3018 in

155 3059 317 3141 propatulo
342 3060 398 3126 est.
446 3062 492 3137 at,
516 3059 663 3125 Weidner
686 3060 786 3145 iuquit
810 3051 903 3141 (com.
926 3060 974 3126 ed.
995 3059 1079 3143 Lips.
1103 3059 1142 3125 ad
1164 3061 1194 3126 h.
1218 3053 1265 3141 1.),

155 3164 333 3230 Dobraaum
354 3164 434 3249 fingit
451 3165 532 3248 qnod
558 3167 634 3244 „hac
658 3166 774 3232 ratione
799 3168 830 3231 et
852 3166 1020 3232 sententiae
1043 3185 1152 3248 parum
1176 3168 1266 3248 aptae

155 3269 300 3335 videntur
328 3272 360 3335 et
387 3290 442 3353 pro
466 3264 606 3349 νεώριον
638 3273 741 3356 utique
765 3267 966 3338 νεωσοίκους
993 3271 1188 3337 scribendum
1208 3271 1268 3337 fuit

156 3376 196 3441 ad
219 3378 409 3443 constantem
439 3380 593 3443 oratorum
616 3399 716 3444 usum.
763 3400 836 3445 nam
863 3373 983 3458 oeo'poa
1013 3381 1044 3444 et
1072 3371 1211 3456 νεώριον
1236 3380 1267 3444 et

156 3477 358 3548 νεωσοίκους
384 3485 513 3550 eandem
547 3505 670 3568 prorsus
705 3486 766 3551 vim
801 3488 832 3551 ct
866 3486 1121 3570 significationem
1154 3486 1265 3551 habere

156 3588 299 3672 equidem
329 3589 404 3654 mihi
433 3591 532 3656 adhuc
560 3591 743 3673 persuadere
770 3612 831 3658 non
860 3586 975 3675 potui.“
1031 3594 1121 3675 atque
1150 3590 1266 3675 aliquid

156 3725 237 3733 -υ
253 3727 353 3734 .——-...

230 3794 251 3863 ²)
269 3796 442 3867 Harpocratio
456 3816 477 3852 a.
490 3816 514 3852 v.
536 3800 655 3871 θεωρικά
668 3816 694 3869 p.
707 3800 743 3854 96
756 3816 795 3869 sq.
813 3798 896 3854 Bekk.
910 3798 1017 3868 respicit
1033 3801 1155 3854 nostrum
1164 3796 1266 3852 locum:

154 3875 185 3953 τήν
205 3888 231 3938 δὲ
251 3881 316 3958 ἀρχῆ
338 3907 377 3947 τις
396 3887 438 3938 int
458 3887 506 3939 τοῦ
527 3889 659 3960 θεωρικοῦ
679 3886 712 3950 ὡς
730 3890 858 3957 Αἰσχίνης
876 3889 903 3941 ἰν
921 3890 957 3956 τῷ
978 3887 1047 3940 κατὰ
1066 3886 1266 3956 Κτησιφῶντος.

154 3972 227 4044 apud
244 3971 377 4029 Pollucem
391 3993 452 4029 vero
473 3974 526 4040 (10,
541 3974 584 4041 10)
602 3975 667 4031 haec
680 3973 816 4046 leguntur:
835 3979 880 4030 nai
892 3973 956 4048 παρ’
970 3977 1087 4047 Αισχὶνη
1107 3977 1134 4028 tr
1148 3973 1182 4044 τῷ
1197 3976 1267 4028 κατὰ

155 4064 360 4134 Κτησιφῶντος·
385 4064 552 4132 σκευοθὴκην
577 4060 746 4134 ᾠκοδόμουν,
771 4064 803 4119 de
828 4081 879 4135 quo
904 4063 962 4120 loco
981 4082 1005 4118 v.
1024 4063 1093 4118 infra
1111 4082 1136 4133 p.
1152 4062 1195 4117 ll.
1232 4062 1265 4118 ci.

156 4151 285 4222 Georgius
307 4149 403 4207 Klinke
427 4151 619 4217 „Quaestioues
645 4152 805 4209 Aeschineae
830 4155 935 4208 criticae
946 4153 960 4177 “
985 4153 1048 4208 diss.
1072 4152 1171 4224 Gryph.
1194 4151 1265 4222 Lips.

158 4239 228 4296 1887
246 4259 272 4310 p.
286 4241 335 4305 223
352 4241 422 4295 hunc
440 4241 556 4296 libellum
575 4242 640 4296 mihi
659 4259 705 4312 per
716 4241 808 4297 Dielsii
826 4241 1017 4310 benignitatem
1036 4241 1111 4296 licuit
1129 4243 1265 4311 inspicere.
