3128 5108
557 571 777 634 ...33-

114 758 255 823 omnihus
285 759 439 825 codicibus
468 762 657 826 communia:
687 751 750 818 εἰσὶ
780 751 838 834 ydp
869 747 923 815 καὶ
952 751 1071 825 δειλίας
1100 754 1225 836 γραφαί

114 864 199 930 delet
214 867 291 932 tales
307 861 429 933 δειλίας
444 859 571 945 γραφάς
585 886 646 932 non
669 866 803 932 extitisse
821 867 933 946 dicens,
957 870 993 931 ut
1008 867 1222 934 difficultatem

114 991 150 1035 ex
166 973 314 1037 vocabulo
338 965 421 1032 εἰσίν
445 974 582 1056 responsi
604 973 706 1038 locum
723 973 877 1038 obtinente
894 975 1027 1037 exortam
1044 993 1103 1040 non
1119 975 1219 1053 solvit,

112 1078 158 1142 ita
181 1078 329 1143 refutatur
351 1078 468 1145 Andoo.
493 1081 508 1144 Ι
533 1081 574 1143 74
597 1081 721 1162 ethys.
745 1077 818 1142 XIV
843 1079 872 1142 7.
921 1079 995 1143 haec
1025 1098 1095 1163 ergo
1124 1081 1221 1162 scrip-

112 1183 188 1248 toris
211 1185 304 1249 vcrha'
326 1185 457 1268 genuina
484 1185 577 1250 fuisse
600 1185 753 1250 videntur:
790 1175 807 1241 ὁ
834 1176 892 1261 γὰρ
917 1178 1032 1243 Σόλων
1052 1235 1059 1250 ,
1079 1235 1112 1249 ,,
1137 1177 1219 1262 ᾤετο

110 1283 183 1346 δεῖν
207 1283 425 1362 ἐνέχεσθαι..
441 1343 448 1357 ,
466 1282 523 1349 τὸν
547 1283 657 1349 δειλὸν
680 1281 813 1367 ὁμοίως,
853 1281 916 1349 εἰσὶ
940 1282 998 1369 γὰρ
1022 1283 1077 1347 καὶ
1099 1285 1221 1360 δειλίας

111 1390 248 1474 γραφαῖς
273 1387 345 1462 εἰσί,
385 1392 474 1461 τίνος
489 1388 602 1468 {henum
626 1385 827 1467 ἵν’δίιαστος
849 1388 942 1474 ημῶν
967 1390 1031 1460 κτλ,
1058 1429 1099 1436 -
1129 1400 1220 1479 atque

109 1501 320 1584 exceptionem
342 1503 420 1567 hanc
444 1502 507 1567 sive
522 1521 641 1568 revera
663 1503 775 1567 factam
800 1502 862 1566 sive
878 1502 978 1566 animo
1002 1501 1105 1567 fictam
1120 1506 1221 1568 orator

109 1611 175 1674 stat
199 1607 231 1685 't‚
255 1611 365 1692 utque
388 1610 425 1674 de
443 1629 534 1674 causa
556 1609 656 1692 legem
680 1609 774 1672 latam
791 1627 857 1673 esse
873 1609 939 1691 ipse
961 1608 1086 1688 iudicet,
1110 1610 1219 1676 fortius

108 1733 223 1795 ponere
252 1714 311 1779 sihi
339 1713 439 1779 liceat.
497 1716 588 1798 plana
618 1717 708 1796 atque
738 1717 844 1796 aperta
876 1714 965 1780 huius
994 1715 1054 1780 looi
1083 1716 1220 1781 condicio

106 1819 240 1900 videtur.
269 1852 312 1860 -

199 1925 362 1991 Difficilior
384 1945 453 1990 vero
477 1945 525 1990 res
541 1924 561 2000 ξ
579 1927 640 1990 177
666 1927 714 1991 est
728 1927 906 1992 diiudicatu.
948 1930 1048 1991 orator
1072 1945 1129 2010 quo
1153 1927 1218 1990 iure

106 2031 331 2097 Demosthenes
355 2051 387 2097 sc
410 2031 589 2113 popularem
611 2032 781 2098 nominaret
801 2032 871 2098 inde
897 2053 914 2098 a
936 2030 955 2107 ξ
975 2035 1036 2098 168
1060 2052 1155 2114 usque
1180 2031 1219 2096 ad

112 2139 178 2202 176
210 2140 417 2220 perscrutatus
453 2138 581 2220 abmpta
610 2138 742 2203 oratione
772 2132 851 2219 (176
881 2131 971 2219 extr.)
1001 2138 1219 2223 digressionem

107 2263 188 2324 earn,
215 2263 274 2327 qua
290 2244 488 2309 Demostheni
503 2247 621 2310 veteres
643 2245 750 2327 populi
765 2245 917 2328 principes
933 2239 987 2320 (17
992 2239 1135 2322 7-190)
1151 2263 1217 2308 mo-

107 2350 208 2415 destia
237 2369 271 2414 ac
300 2349 412 2415 virtute
439 2351 708 2416 excellentissimos
732 2351 869 2433 opponit,
898 2352 947 2416 his
969 2351 1077 2433 incipit
1098 2349 1215 2415 verbis:

105 2445 206 2512 Ἐπεὶ
229 2449 264 2513 δὲ
288 2448 461 2531 στεφάνων
492 2447 708 2537 α’νεμνήσθην
737 2447 792 2513 καὶ
819 2451 965 2535 δωρεῶν,
996 2450 1056 2524 ἕως
1083 2448 1132 2512 ἔτι
1162 2452 1218 2529 με’.

103 2576 247 2640 μνημαι,
270 2556 417 2638 προλέγω
435 2553 523 2638 ὑμῖν,
547 2546 572 2618 oi
589 2553 890 2642 (intermitteretur,
915 2553 1004 2644 εἰμὴ
1022 2553 1217 2619 καταλύσετε

104 2659 167 2734 τὰς
189 2657 366 2742 ἀφθόνους
388 2661 643 2743 ταύταςδωρεὰς
665 2658 812 2736 καὶτοὺς
835 2659 906 2750 εἰκῇ
929 2662 1124 2742 διδομένους
1149 2673 1216 2723 στἐ.

104 2766 252 2848 φοὶνους,
283 2765 360 2833 οὔθ’
393 2769 428 2831 οἱ
454 2766 637 2849 τιμώμενοι
664 2766 759 2853 χάριν
790 2755 868 2848 ὑμῖν
899 2767 1046 2833 εἴσονται
1078 2765 1155 2834 οὔτε
1179 2764 1217 2830 τὰ

103 2875 165 2960 τῆς
191 2871 319 2945 πόλεως
354 2872 526 2958 πράγματα
555 2871 706 2938 οὐδέποτ’
731 2873 1060 2962 ἐπανορθωθήσεται,
1108 2864 1218 2945 deinde

103 2988 208 3051 orator
229 2987 331 3070 pergit
352 2986 410 3050 sic:
435 2976 596 3060 τοδεμὲν
620 2978 679 3063 γὰρ
705 2977 778 3066 (om.
795 2983 840 3051 Ah
861 2988 892 3051 et
907 3005 989 3068 gron,
1013 2986 1083 3051 hab.
1101 2979 1133 3067 a)
1157 3000 1216 3042 πο-

104 3084 232 3170 νηροδς
255 3085 297 3149 ου’
319 3085 451 3171 μήποτε
474 3083 571 3175 (gmm
595 3086 632 3149 δέ
647 3107 729 3150 ποτε
745 3112 772 3172 a,
790 3112 849 3158 om.
866 3084 926 3173 Ah)
948 3087 1096 3169 βελτίους
1118 3083 1215 3172 ποιή-

104 3210 192 3278 σετε,
216 3190 293 3263 τοὺς
315 3190 351 3255 δὲ
374 3190 537 3278 χρηστους
559 3189 606 3265 εἰς
629 3190 688 3278 τὴν
712 3191 854 3278 ἐσχάτην
870 3188 1017 3273 ἀθυμίαν
1035 3190 1214 3274 ἐμβαλεῖτε.

102 3303 236 3386 denique
264 3302 419 3368 concludit
450 3303 497 3368 his
525 3304 639 3370 verbis:
676 3296 727 3364 ὅτι
761 3298 788 3362 δ’
824 3295 934 3385 ἀληθῆ
969 3298 1061 3380 λέγω,
1091 3295 1215 3378 μεγάλα

101 3401 233 3467 τούτων
251 3395 345 3484 οἶμαι
362 3411 481 3488 σημεῖα
496 3404 616 3479 deffere
633 3401 723 3484 ὑμῖν.
759 3430 794 3476 ex
811 3410 920 3494 quihus
936 3410 1095 3476 sententiis
1119 3408 1216 3491 prime

102 3535 139 3580 ac
164 3515 256 3580 tertia
278 3515 372 3580 artius
395 3515 474 3580 inter
496 3535 528 3580 sc
552 3515 711 3581 cohaerere
734 3516 885 3582 videntur.
932 3536 1003 3581 nam
1031 3517 1088 3581 heo
1116 3517 1216 3582 orator

102 3642 136 3686 se
161 3621 224 3686 iam
248 3621 394 3702 exemplis
417 3622 684 3703 comprobatmum
708 3641 773 3687 esse
797 3641 832 3686 ea
856 3643 932 3705 quae
956 3625 1046 3687 antea
1068 3621 1213 3704 posuerit

101 3727 291 3810 pronuntiat.
340 3728 436 3792 altera
458 3746 528 3792 vero
553 3746 629 3810 quae
657 3727 816 3793 interiecta
845 3729 894 3793 est
914 3728 1095 3793 sententiola
1117 3745 1214 3808 neque

102 3833 336 3898 adorationem
364 3833 495 3916 priorem
524 3834 686 3915 nequead
714 3833 1009 3918 argumentationem
1037 3835 1214 3915 sequentem

102 3938 253 4019 quadrare
285 3939 413 4003 videtur.
466 3940 501 4002 ut
523 3938 683 4016 Weidner,
714 3940 766 4020 qui
798 3958 912 4020 „neque
939 3958 1048 4021 pravos
1075 3937 1213 4004 homines

102 4043 250 4109 meliores
275 4064 419 4110 evasuros
448 4047 480 4109 ct
505 4044 601 4109 bonos
630 4045 710 4110 uiros
739 4045 771 4110 in
799 4035 1036 4110 sollicitudinem
1061 4045 1213 4128 quandam

103 4151 249 4215 venturos
273 4152 304 4216 et
319 4150 525 4216 confusionem
547 4152 605 4215 hoc
621 4153 702 4215 certe
725 4150 803 4216 nihil
825 4151 975 4234 pertinere
998 4152 1038 4215 ad
1053 4170 1120 4216 eam
1137 4170 1212 4232 quoe

102 4255 275 4339 praemissa
291 4257 338 4320 est
353 4236 552 4321 sententiam“
570 4255 688 4322 iudicat
701 4251 793 4332 (corni
810 4255 857 4322 ed.
875 4257 956 4338 Lips.
974 4257 1014 4322 ad
1028 4258 1059 4322 h.
1071 4249 1120 4337 1.),
1135 4255 1213 4320 nihil

976 4359 993 4413 ὃ
