3128 5108
589 520 719 585 ...17
769 553 808 560 -

143 707 248 772 iussus
279 711 354 774 erat.
399 709 637 774 Demosthenem
667 727 738 792 ergo
769 711 871 774 orator
899 709 1011 774 itemm
1040 709 1137 791 carpit
1160 729 1258 794 neque

146 813 308 896 quisquam
332 815 467 880 iudicum
490 835 549 880 non
571 815 731 882 intellexit.
772 819 803 882 et
825 835 917 898 quam
940 816 1049 880 acerba
1064 815 1259 881 calumniatio

145 920 238 1001 atque
261 921 395 1003 impetus
417 921 491 985 insit
513 921 561 986 his
575 921 686 1001 verbis,
711 923 745 985 nt
766 920 879 985 rectius
902 922 1125 1005 intellegamus,
1149 921 1259 985 memi-

144 1025 281 1091 nerimus
305 1045 415 1109 quaeso
439 1027 517 1092 hano
541 1027 684 1092 orationis
708 1029 827 1110 partem
850 1031 1028 1110 conceptam
1051 1026 1163 1104 fuisse,
1188 1045 1258 1090 cum

144 1131 224 1197 ratio
242 1151 260 1195 a
275 1132 481 1197 Demosthene
504 1132 638 1196 nondum
660 1132 780 1198 reddita
803 1134 877 1199 erat.
914 1133 1066 1197 sententia
1087 1132 1183 1214 igitur
1196 1131 1258 1217 lere

153 1239 197 1301 sio
223 1236 431 1303 circumscribi
453 1239 568 1318 potest:
593 1237 707 1319 pudere
731 1238 811 1302 enim
833 1236 950 1302 indices
973 1241 1057 1320 puto,
1083 1237 1109 1301 si
1133 1236 1200 1320 quis
1217 1269 1259 1277 -

148 1346 184 1407 ut
198 1343 329 1426 exempli
343 1342 441 1428 gratia
456 1363 534 1406 nuno
550 1343 585 1407 fit
599 1382 650 1423 -,
665 1343 715 1426 qui
729 1346 818 1408 antea
834 1343 969 1410 coronari
982 1343 1020 1408 ob
1032 1343 1176 1408 virtutem
1189 1361 1259 1424 pro·

144 1446 302 1512 nuntietur
324 1447 355 1511 in
379 1448 509 1526 theatro,
534 1449 641 1530 postea
664 1467 699 1512 er
722 1447 834 1513 iudicio
857 1448 1017 1529 peculatus
1041 1447 1259 1514 condemnatus

147 1553 283 1635 prodeat.
309 1584 352 1592 -

235 1659 271 1723 In
287 1658 394 1724 eodem
410 1657 631 1741 perstringendi
646 1657 747 1723 studio
759 1656 973 1740 deprendimus
986 1660 1135 1723 oratorem
1150 1657 1169 1734 ἓ
1183 1662 1257 1726 230.

146 1764 248 1830 verbis
271 1765 350 1830 enim
379 1756 431 1820 διὰ
457 1755 493 1821 τὸ
519 1762 660 1833 ξενικοῖς
684 1755 861 1839 στεφάνοις
884 1755 1005 1843 ταύτην
1030 1754 1258 1824 ἀποδεδόσθαι

144 1865 207 1953 τὴν
223 1863 349 1951 ἡμέραν
374 1871 563 1954 apertissime
579 1872 618 1936 ad
634 1869 838 1954 Ctesiphontis
858 1871 1045 1955 rogationem
1061 1872 1181 1950 alludit,
1206 1873 1259 1956 qui
1323 1915 1324 1918 =

146 1979 302 2062 Dionysiis
337 1979 455 2064 magnis
490 1978 727 2044 Demosthenem
762 1977 897 2044 coronari
932 1977 1070 2044 iusserat.
1125 1979 1152 2045 si
1185 1998 1257 2047 voro

149 2083 298 2149 Weidner
321 2076 412 2166 (com.
436 2085 482 2149 ed.
501 2083 580 2149 Otos.
606 2084 706 2149 Berol.
724 2084 762 2148 ad
777 2085 808 2148 h.
824 2077 862 2167 l.)
885 2085 961 2149 haec
984 2086 1077 2150 verba
1099 2085 1186 2150 uncis
1209 2085 1256 2150 in-

147 2190 254 2266 clusit,
286 2189 365 2272 quod
394 2189 512 2267 „dieser
534 2191 635 2254 zusatn
659 2189 707 2254 die
731 2189 851 2254 absicht
872 2189 1003 2272 vertolgt
1033 2190 1086 2254 das
1109 2193 1255 2278 unnatrirr
1343 2259 1346 2266 ,

143 2295 225 2360 liche
254 2295 316 2360 und
346 2295 569 2378 umgesctzliche
598 2296 652 2360 der
679 2295 871 2378 belrrtnunng
894 2296 947 2360 des
969 2297 1190 2361 Demosthenes
1218 2317 1257 2364 an

144 2391 346 2486 diesemtage
362 2402 474 2466 wieder
488 2395 763 2478 hervornuhehen“,
789 2401 863 2466 adeo
878 2420 937 2467 non
954 2402 1137 2467 sententiam
1154 2402 1255 2479 evicit,

143 2511 181 2573 ut
203 2527 271 2572 eam
299 2527 423 2573 causam
451 2507 619 2591 detegeret,
650 2526 709 2589 qua
737 2508 772 2571 ut
794 2507 978 2572 retineamus
1000 2507 1093 2573 verba
1121 2528 1256 2576 commo-
1311 2587 1314 2593 Ι
1376 2500 1378 2506 ’

142 2625 281 2692 vomunt
301 2615 337 2676 et
370 2603 511 2692 ,ταύτην
541 2603 600 2691 τὴν
630 2602 788 2690 ἡμέραν“,
820 2631 896 2694 quae
925 2612 1018 2679 verba
1048 2605 1209 2693 Halmtl,
1230 2613 1251 2680 l.

142 2741 174 2804 p.
193 2721 235 2784 12
258 2741 293 2784 n,
309 2709 364 2798 12)
387 2717 525 2801 intellegi
547 2737 636 2799 posse
658 2719 758 2799 negat,
782 2717 924 2800 quoniam
947 2723 1047 2783 orator
1069 2719 1178 2785 eadem
1199 2739 1255 2802 pa-

142 2825 294 2912 ragrapho
309 2823 497 2907 rogationem
514 2821 763 2905 Ctesiphonteam
779 2826 1005 2901 commemorat,
1022 2824 1105 2889 facili
1119 2823 1152 2888 ni
1166 2824 1257 2890 fallor
1392 2832 1394 2836 '

141 2933 263 3018 negotio
288 2929 427 2996 elucebat
450 2928 577 2994 eandem
602 2928 682 2992 diem
706 2947 782 3007 esse,
807 2947 842 2992 ae
866 2948 942 3011 qnae
959 2930 998 2993 ad
1016 2929 1255 3014 Demosthenem
1309 2967 1313 2974 ·

143 3038 348 3105 coronandum
377 3034 527 3099 destinata
555 3035 628 3099 erat.
683 3033 791 3100 deinde
819 3054 856 3099 ne
889 3035 946 3100 hoc
976 3035 1099 3118 quidem
1132 3039 1256 3118 propter

142 3145 302 3222 Halmium
331 3141 513 3224 supersedeo
542 3159 795 3218 commemorare,
825 3141 1005 3207 sententiam
1035 3143 1188 3207 causalem
1216 3143 1256 3232 ad

145 3235 195 3317 οἷς
210 3241 228 3309 ὁ
245 3245 350 3331 δῆμος
366 3241 589 3323 ἐστεφανοῦτο
612 3236 678 3304 ὑπὸ
695 3241 760 3302 τῶν
773 3237 945 3326 Ἑλλήνων
963 3248 1053 3326 adipi,
1076 3267 1137 3312 non
1152 3249 1191 3312 ad
1209 3267 1253 3330 ρο,

143 3377 220 3440 quae
244 3357 435 3422 antecedunt.
462 3387 504 3396 —

232 3463 347 3527 Verum
370 3462 477 3527 eadem
498 3461 727 3526 ratiocinatione
751 3460 893 3539 adducor,
917 3462 953 3526 ut
968 3456 986 3538 ἓ
1003 3462 1068 3526 249
1092 3462 1254 3526 Beuselero

142 3569 234 3652 plane
257 3567 418 3646 assentiar,
449 3567 500 3650 qui
529 3562 665 3636 ξενικῶν
694 3565 848 3650 expungit.
896 3566 976 3647 quod
999 3565 1050 3648 qui
1073 3567 1254 3633 sententiam

145 3673 232 3740 suam
256 3676 438 3755 aperuemnt
461 3671 517 3736 viri
542 3671 623 3736 docti
647 3671 784 3753 probant.
825 3673 916 3754 atque
941 3691 1010 3736 cum
1034 3670 1172 3736 dubitare
1195 3691 1253 3738 non

144 3783 237 3846 liceat
259 3799 365 3845 revera
386 3779 625 3844 Demosthenem
648 3778 824 3862 perstringi,
854 3778 964 3861 quippe
992 3778 1044 3859 qui
1071 3777 1103 3841 in
1126 3796 1253 3859 sequen-

142 3887 225 3953 tibus
249 3887 340 3952 etiam
357 3885 490 3969 apertius
513 3888 664 3969 tangatur,
689 3881 835 3956 ξενικῶν,
860 3885 940 3967 quod
964 3884 1116 3949 adiectum
1139 3886 1196 3962 est,
1219 3888 1255 3951 ut

143 3993 364 4076 explicarentur
387 4010 463 4074 quae
487 3993 667 4073 sequuntur:
699 3984 735 4048 ἒν
768 3993 833 4055 τοῖς
854 3980 1028 4070 Ἕλλησιν,
1057 4009 1180 4056 necesse
1208 3993 1254 4056 est

142 4101 294 4166 reiciatur.
333 4103 436 4165 tamen
454 4118 529 4181 qnae
546 4098 653 4163 deinde
670 4098 896 4182 subsequuntur
910 4097 1003 4163 verba
1017 4089 1064 4178 μὴ
1079 4094 1253 4176 βεβαιοῦτε

145 4196 232 4282 αὐτῷ
261 4198 337 4270 τοὺς
360 4198 518 4271 ἐπαίνους
547 4224 648 4272 moras
678 4225 780 4272 creare
803 4206 946 4288 possunt,
976 4225 1045 4270 oum
1073 4205 1198 4274 nonnisi
1213 4205 1253 4270 ad

1015 4306 1032 4361 2
