<?xml version="1.0" encoding="UTF-8"?>
<!DOCTYPE html PUBLIC "-//W3C//DTD XHTML 1.0 Transitional//EN"
    "http://www.w3.org/TR/xhtml1/DTD/xhtml1-transitional.dtd">
<html xmlns="http://www.w3.org/1999/xhtml" xml:lang="en" lang="en">
 <head>
  <title>
</title>
<meta http-equiv="Content-Type" content="text/html;charset=utf-8" />
  <meta name='ocr-system' content='tesseract 3.04.00' />
  <meta name='ocr-capabilities' content='ocr_page ocr_carea ocr_par ocr_line ocrx_word'/>
</head>
<body>
  <div class='ocr_page' id='page_1' title='image "./quaestionesaesc00tschgoog_0039.png"; bbox 0 0 3128 5108; ppageno 0'>
   <div class='ocr_carea' id='block_1_1' title="bbox 787 597 1004 662">
    <p class='ocr_par' dir='ltr' id='par_1_1' title="bbox 787 597 1004 662">
     <span class='ocr_line' id='line_1_1' title="bbox 787 597 1004 662; baseline 0.014 -24"><span class='ocrx_word' id='word_1_1' title='bbox 787 597 1004 662; x_wconf 79' lang='grc'>...34-</span> 
     </span>
    </p>
   </div>
   <div class='ocr_carea' id='block_1_2' title="bbox 257 785 1459 4347">
    <p class='ocr_par' dir='ltr' id='par_1_2' title="bbox 257 785 1459 4243">
     <span class='ocr_line' id='line_1_2' title="bbox 346 785 1458 869; baseline 0.003 -19"><span class='ocrx_word' id='word_1_2' title='bbox 346 785 498 867; x_wconf 87' lang='lat' dir='ltr'>antiquius</span> <span class='ocrx_word' id='word_1_3' title='bbox 510 786 630 862; x_wconf 87' lang='lat' dir='ltr'>habeat,</span> <span class='ocrx_word' id='word_1_4' title='bbox 644 803 735 869; x_wconf 85' lang='lat' dir='ltr'>quam</span> <span class='ocrx_word' id='word_1_5' title='bbox 748 786 783 849; x_wconf 91' lang='lat' dir='ltr'>ut</span> <span class='ocrx_word' id='word_1_6' title='bbox 796 787 892 850; x_wconf 82' lang='lat' dir='ltr'>totam</span> <span class='ocrx_word' id='word_1_7' title='bbox 909 786 987 850; x_wconf 89' lang='lat' dir='ltr'>hanc</span> <span class='ocrx_word' id='word_1_8' title='bbox 1000 785 1212 850; x_wconf 72' lang='lat' dir='ltr'>sententiolam</span> <span class='ocrx_word' id='word_1_9' title='bbox 1232 789 1338 868; x_wconf 89' lang='lat' dir='ltr'>,quasi</span> <span class='ocrx_word' id='word_1_10' title='bbox 1351 790 1458 853; x_wconf 92' lang='lat' dir='ltr'>subito</span> 
     </span>
     <span class='ocr_line' id='line_1_3' title="bbox 347 885 1459 973; baseline 0.003 -18"><span class='ocrx_word' id='word_1_11' title='bbox 347 891 539 956; x_wconf 86' lang='lat' dir='ltr'>interiectam</span> <span class='ocrx_word' id='word_1_12' title='bbox 563 892 594 957; x_wconf 84' lang='lat' dir='ltr'>et</span> <span class='ocrx_word' id='word_1_13' title='bbox 617 891 803 956; x_wconf 83' lang='lat' dir='ltr'>extrinsecos</span> <span class='ocrx_word' id='word_1_14' title='bbox 825 885 962 955; x_wconf 66' lang='lat' dir='ltr'>illatam*</span> <span class='ocrx_word' id='word_1_15' title='bbox 990 890 1099 954; x_wconf 77' lang='lat' dir='ltr'>deleat.</span> <span class='ocrx_word' id='word_1_16' title='bbox 1138 887 1192 955; x_wconf 87' lang='lat' dir='ltr'>scd</span> <span class='ocrx_word' id='word_1_17' title='bbox 1214 892 1345 973; x_wconf 89' lang='lat' dir='ltr'>genuina</span> <span class='ocrx_word' id='word_1_18' title='bbox 1361 894 1459 958; x_wconf 88' lang='lat' dir='ltr'>verba</span> 
     </span>
     <span class='ocr_line' id='line_1_4' title="bbox 346 995 1459 1081; baseline 0.002 -19"><span class='ocrx_word' id='word_1_19' title='bbox 346 997 498 1079; x_wconf 79' lang='lat' dir='ltr'>expunxit.</span> <span class='ocrx_word' id='word_1_20' title='bbox 537 1015 607 1061; x_wconf 88' lang='lat' dir='ltr'>nam</span> <span class='ocrx_word' id='word_1_21' title='bbox 623 999 725 1062; x_wconf 87' lang='lat' dir='ltr'>orator</span> <span class='ocrx_word' id='word_1_22' title='bbox 739 996 817 1062; x_wconf 87' lang='lat' dir='ltr'>hane</span> <span class='ocrx_word' id='word_1_23' title='bbox 833 996 1014 1062; x_wconf 77' lang='lat' dir='ltr'>sententiam</span> <span class='ocrx_word' id='word_1_24' title='bbox 1029 995 1171 1074; x_wconf 88' lang='lat' dir='ltr'>interieit,</span> <span class='ocrx_word' id='word_1_25' title='bbox 1195 999 1230 1060; x_wconf 90' lang='lat' dir='ltr'>ut</span> <span class='ocrx_word' id='word_1_26' title='bbox 1245 1000 1459 1081; x_wconf 77' lang='lat' dir='ltr'>exceptionem</span> 
     </span>
     <span class='ocr_line' id='line_1_5' title="bbox 347 1101 1458 1184; baseline 0.004 -18"><span class='ocrx_word' id='word_1_27' title='bbox 347 1102 410 1166; x_wconf 87' lang='lat' dir='ltr'>sive</span> <span class='ocrx_word' id='word_1_28' title='bbox 434 1121 466 1166; x_wconf 88' lang='lat' dir='ltr'>re</span> <span class='ocrx_word' id='word_1_29' title='bbox 490 1121 562 1166; x_wconf 89' lang='lat' dir='ltr'>vera</span> <span class='ocrx_word' id='word_1_30' title='bbox 583 1103 696 1168; x_wconf 87' lang='lat' dir='ltr'>factam</span> <span class='ocrx_word' id='word_1_31' title='bbox 724 1101 787 1166; x_wconf 86' lang='lat' dir='ltr'>sive</span> <span class='ocrx_word' id='word_1_32' title='bbox 811 1121 828 1166; x_wconf 89' lang='lat' dir='ltr'>a</span> <span class='ocrx_word' id='word_1_33' title='bbox 851 1120 884 1166; x_wconf 89' lang='lat' dir='ltr'>se</span> <span class='ocrx_word' id='word_1_34' title='bbox 911 1101 977 1184; x_wconf 90' lang='lat' dir='ltr'>ipso</span> <span class='ocrx_word' id='word_1_35' title='bbox 1004 1101 1109 1165; x_wconf 88' lang='lat' dir='ltr'>fictam</span> <span class='ocrx_word' id='word_1_36' title='bbox 1135 1101 1256 1166; x_wconf 84' lang='lat' dir='ltr'>refutet.</span> <span class='ocrx_word' id='word_1_37' title='bbox 1304 1104 1348 1168; x_wconf 90' lang='lat' dir='ltr'>sic</span> <span class='ocrx_word' id='word_1_38' title='bbox 1371 1106 1458 1170; x_wconf 89' lang='grc'><strong>1111111</strong></span> 
     </span>
     <span class='ocr_line' id='line_1_6' title="bbox 349 1207 1458 1292; baseline 0.002 -20"><span class='ocrx_word' id='word_1_39' title='bbox 349 1207 549 1292; x_wconf 88' lang='lat' dir='ltr'>cogitationes</span> <span class='ocrx_word' id='word_1_40' title='bbox 566 1209 644 1273; x_wconf 87' lang='lat' dir='ltr'>inter</span> <span class='ocrx_word' id='word_1_41' title='bbox 657 1227 689 1274; x_wconf 86' lang='lat' dir='ltr'>se</span> <span class='ocrx_word' id='word_1_42' title='bbox 702 1227 794 1272; x_wconf 87' lang='lat' dir='ltr'>nexae</span> <span class='ocrx_word' id='word_1_43' title='bbox 806 1209 890 1272; x_wconf 89' lang='lat' dir='ltr'>sunt:</span> <span class='ocrx_word' id='word_1_44' title='bbox 909 1207 935 1272; x_wconf 90' lang='lat' dir='ltr'>si</span> <span class='ocrx_word' id='word_1_45' title='bbox 951 1207 1078 1272; x_wconf 82' lang='lat' dir='ltr'>honores</span> <span class='ocrx_word' id='word_1_46' title='bbox 1095 1209 1126 1270; x_wconf 91' lang='lat' dir='ltr'>et</span> <span class='ocrx_word' id='word_1_47' title='bbox 1138 1226 1262 1273; x_wconf 86' lang='lat' dir='ltr'>coronas</span> <span class='ocrx_word' id='word_1_48' title='bbox 1278 1210 1343 1273; x_wconf 89' lang='lat' dir='ltr'>tam</span> <span class='ocrx_word' id='word_1_49' title='bbox 1360 1211 1458 1274; x_wconf 84' lang='lat' dir='ltr'>stulte</span> 
     </span>
     <span class='ocr_line' id='line_1_7' title="bbox 347 1311 1458 1398; baseline 0.001 -21"><span class='ocrx_word' id='word_1_50' title='bbox 347 1312 499 1377; x_wconf 79' lang='lat' dir='ltr'>effundere</span> <span class='ocrx_word' id='word_1_51' title='bbox 522 1313 649 1398; x_wconf 84' lang='lat' dir='ltr'>pergitis</span> <span class='ocrx_word' id='word_1_52' title='bbox 672 1332 769 1394; x_wconf 90' lang='lat' dir='ltr'>neque</span> <span class='ocrx_word' id='word_1_53' title='bbox 792 1312 930 1377; x_wconf 90' lang='lat' dir='ltr'>honorati</span> <span class='ocrx_word' id='word_1_54' title='bbox 953 1311 1087 1396; x_wconf 84' lang='lat' dir='ltr'>gratiam</span> <span class='ocrx_word' id='word_1_55' title='bbox 1110 1312 1265 1377; x_wconf 90' lang='lat' dir='ltr'>habebunt</span> <span class='ocrx_word' id='word_1_56' title='bbox 1289 1334 1386 1396; x_wconf 91' lang='lat' dir='ltr'>neque</span> <span class='ocrx_word' id='word_1_57' title='bbox 1409 1317 1458 1380; x_wconf 88' lang='lat' dir='ltr'>rei</span> 
     </span>
     <span class='ocr_line' id='line_1_8' title="bbox 346 1417 1459 1502; baseline 0.003 -19"><span class='ocrx_word' id='word_1_58' title='bbox 346 1419 487 1500; x_wconf 86' lang='lat' dir='ltr'>publicae</span> <span class='ocrx_word' id='word_1_59' title='bbox 506 1420 587 1484; x_wconf 90' lang='lat' dir='ltr'>salus</span> <span class='ocrx_word' id='word_1_60' title='bbox 603 1419 777 1502; x_wconf 88' lang='lat' dir='ltr'>augebitur:</span> <span class='ocrx_word' id='word_1_61' title='bbox 800 1418 832 1483; x_wconf 92' lang='lat' dir='ltr'>id</span> <span class='ocrx_word' id='word_1_62' title='bbox 849 1417 930 1482; x_wconf 91' lang='lat' dir='ltr'>enim</span> <span class='ocrx_word' id='word_1_63' title='bbox 948 1453 987 1462; x_wconf 87' lang='lat'><strong>—</strong></span> <span class='ocrx_word' id='word_1_64' title='bbox 1006 1418 1086 1500; x_wconf 91' lang='lat' dir='ltr'>quod</span> <span class='ocrx_word' id='word_1_65' title='bbox 1108 1421 1210 1484; x_wconf 90' lang='lat' dir='ltr'>tamen</span> <span class='ocrx_word' id='word_1_66' title='bbox 1235 1421 1302 1502; x_wconf 90' lang='lat' dir='ltr'>quis</span> <span class='ocrx_word' id='word_1_67' title='bbox 1318 1423 1459 1486; x_wconf 87' lang='lat' dir='ltr'>restrum</span> 
     </span>
     <span class='ocr_line' id='line_1_9' title="bbox 345 1523 1456 1606; baseline 0.002 -18"><span class='ocrx_word' id='word_1_68' title='bbox 345 1524 473 1590; x_wconf 86' lang='lat' dir='ltr'>fortasse</span> <span class='ocrx_word' id='word_1_69' title='bbox 488 1524 677 1590; x_wconf 84' lang='lat' dir='ltr'>contenderit</span> <span class='ocrx_word' id='word_1_70' title='bbox 699 1525 757 1590; x_wconf 89' lang='lat' dir='ltr'>bac</span> <span class='ocrx_word' id='word_1_71' title='bbox 774 1525 888 1589; x_wconf 86' lang='lat' dir='ltr'>ratione</span> <span class='ocrx_word' id='word_1_72' title='bbox 906 1530 936 1588; x_wconf 91' lang='lat' dir='ltr'>et</span> <span class='ocrx_word' id='word_1_73' title='bbox 952 1523 1030 1588; x_wconf 86' lang='lat' dir='ltr'>effici</span> <span class='ocrx_word' id='word_1_74' title='bbox 1046 1541 1134 1606; x_wconf 92' lang='lat' dir='ltr'>posse</span> <span class='ocrx_word' id='word_1_75' title='bbox 1150 1527 1181 1589; x_wconf 90' lang='grc'>11</span> <span class='ocrx_word' id='word_1_76' title='bbox 1195 1543 1301 1590; x_wconf 86' lang='lat' dir='ltr'>revera</span> <span class='ocrx_word' id='word_1_77' title='bbox 1316 1525 1395 1590; x_wconf 88' lang='lat' dir='ltr'>effici</span> <span class='ocrx_word' id='word_1_78' title='bbox 1412 1563 1456 1570; x_wconf 85' lang='lat'>—</span> 
     </span>
     <span class='ocr_line' id='line_1_10' title="bbox 349 1628 1459 1714; baseline 0.003 -21"><span class='ocrx_word' id='word_1_79' title='bbox 349 1648 471 1711; x_wconf 90' lang='lat' dir='ltr'>prorsus</span> <span class='ocrx_word' id='word_1_80' title='bbox 493 1631 666 1714; x_wconf 91' lang='lat' dir='ltr'>negandum</span> <span class='ocrx_word' id='word_1_81' title='bbox 683 1633 730 1695; x_wconf 88' lang='lat' dir='ltr'>est</span> <span class='ocrx_word' id='word_1_82' title='bbox 751 1629 826 1708; x_wconf 88' lang='lat' dir='ltr'>fieri,</span> <span class='ocrx_word' id='word_1_83' title='bbox 850 1632 886 1693; x_wconf 92' lang='lat' dir='ltr'>ut</span> <span class='ocrx_word' id='word_1_84' title='bbox 900 1628 975 1694; x_wconf 89' lang='lat' dir='ltr'>mali</span> <span class='ocrx_word' id='word_1_85' title='bbox 998 1632 1088 1712; x_wconf 88' lang='lat' dir='ltr'>atque</span> <span class='ocrx_word' id='word_1_86' title='bbox 1112 1631 1196 1712; x_wconf 86' lang='lat' dir='ltr'>pravi</span> <span class='ocrx_word' id='word_1_87' title='bbox 1220 1631 1358 1696; x_wconf 88' lang='lat' dir='ltr'>homines</span> <span class='ocrx_word' id='word_1_88' title='bbox 1380 1631 1459 1696; x_wconf 89' lang='lat' dir='ltr'>fiant</span> 
     </span>
     <span class='ocr_line' id='line_1_11' title="bbox 346 1727 1458 1818; baseline 0.003 -20"><span class='ocrx_word' id='word_1_89' title='bbox 346 1733 500 1811; x_wconf 64' lang='lat' dir='ltr'>meliorem</span> <span class='ocrx_word' id='word_1_90' title='bbox 530 1735 625 1801; x_wconf 91' lang='lat' dir='ltr'>immo</span> <span class='ocrx_word' id='word_1_91' title='bbox 653 1756 689 1800; x_wconf 88' lang='lat' dir='ltr'>ex</span> <span class='ocrx_word' id='word_1_92' title='bbox 712 1735 809 1800; x_wconf 89' lang='lat' dir='ltr'>altera</span> <span class='ocrx_word' id='word_1_93' title='bbox 830 1737 916 1818; x_wconf 89' lang='lat' dir='ltr'>parte</span> <span class='ocrx_word' id='word_1_94' title='bbox 945 1735 1035 1800; x_wconf 90' lang='lat' dir='ltr'>etiam</span> <span class='ocrx_word' id='word_1_95' title='bbox 1059 1735 1130 1800; x_wconf 91' lang='lat' dir='ltr'>boni</span> <span class='ocrx_word' id='word_1_96' title='bbox 1156 1735 1293 1800; x_wconf 91' lang='lat' dir='ltr'>homines</span> <span class='ocrx_word' id='word_1_97' title='bbox 1321 1727 1393 1816; x_wconf 85' lang='lat' dir='ltr'>(boe</span> <span class='ocrx_word' id='word_1_98' title='bbox 1420 1739 1458 1802; x_wconf 88' lang='lat' dir='ltr'>ut</span> 
     </span>
     <span class='ocr_line' id='line_1_12' title="bbox 348 1834 1458 1922; baseline 0.002 -19"><span class='ocrx_word' id='word_1_99' title='bbox 348 1841 532 1905; x_wconf 87' lang='lat' dir='ltr'>contrarium</span> <span class='ocrx_word' id='word_1_100' title='bbox 560 1841 672 1906; x_wconf 84' lang='lat' dir='ltr'>efficiat</span> <span class='ocrx_word' id='word_1_101' title='bbox 696 1842 797 1906; x_wconf 89' lang='lat' dir='ltr'>orator</span> <span class='ocrx_word' id='word_1_102' title='bbox 831 1834 937 1922; x_wconf 85' lang='lat' dir='ltr'>adicit)</span> <span class='ocrx_word' id='word_1_103' title='bbox 965 1841 998 1904; x_wconf 95' lang='lat' dir='ltr'>in</span> <span class='ocrx_word' id='word_1_104' title='bbox 1025 1841 1189 1905; x_wconf 83' lang='lat' dir='ltr'>marimum</span> <span class='ocrx_word' id='word_1_105' title='bbox 1217 1841 1458 1915; x_wconf 86' lang='lat' dir='ltr'>sollicitudinem</span> 
     </span>
     <span class='ocr_line' id='line_1_13' title="bbox 348 1945 1457 2030; baseline 0.002 -21"><span class='ocrx_word' id='word_1_106' title='bbox 348 1948 439 2028; x_wconf 85' lang='lat' dir='ltr'>atque</span> <span class='ocrx_word' id='word_1_107' title='bbox 461 1945 614 2030; x_wconf 89' lang='lat' dir='ltr'>ignaviam</span> <span class='ocrx_word' id='word_1_108' title='bbox 637 1947 876 2012; x_wconf 84' lang='grc'><strong>(1111111111.-</strong></span> <span class='ocrx_word' id='word_1_109' title='bbox 899 1966 970 2030; x_wconf 90' lang='lat' dir='ltr'>ergo</span> <span class='ocrx_word' id='word_1_110' title='bbox 994 1965 1083 2010; x_wconf 92' lang='lat' dir='ltr'>suum</span> <span class='ocrx_word' id='word_1_111' title='bbox 1104 1947 1201 2028; x_wconf 92' lang='lat' dir='ltr'>ipsius</span> <span class='ocrx_word' id='word_1_112' title='bbox 1222 1946 1371 2010; x_wconf 90' lang='lat' dir='ltr'>iudicium</span> <span class='ocrx_word' id='word_1_113' title='bbox 1394 1949 1457 2011; x_wconf 87' lang='lat' dir='ltr'>sta-</span> 
     </span>
     <span class='ocr_line' id='line_1_14' title="bbox 348 2050 1457 2134; baseline 0.001 -20"><span class='ocrx_word' id='word_1_114' title='bbox 348 2053 438 2115; x_wconf 91' lang='lat' dir='ltr'>tuens</span> <span class='ocrx_word' id='word_1_115' title='bbox 466 2056 566 2118; x_wconf 89' lang='lat' dir='ltr'>orator</span> <span class='ocrx_word' id='word_1_116' title='bbox 595 2072 662 2118; x_wconf 92' lang='lat' dir='ltr'>eam</span> <span class='ocrx_word' id='word_1_117' title='bbox 692 2071 831 2128; x_wconf 85' lang='lat' dir='ltr'>causam,</span> <span class='ocrx_word' id='word_1_118' title='bbox 864 2071 923 2134; x_wconf 90' lang='lat' dir='ltr'>qua</span> <span class='ocrx_word' id='word_1_119' title='bbox 947 2052 1014 2134; x_wconf 92' lang='lat' dir='ltr'>quis</span> <span class='ocrx_word' id='word_1_120' title='bbox 1043 2050 1126 2116; x_wconf 89' lang='lat' dir='ltr'>dicat</span> <span class='ocrx_word' id='word_1_121' title='bbox 1146 2051 1348 2116; x_wconf 84' lang='lat' dir='ltr'>Athenienses</span> <span class='ocrx_word' id='word_1_122' title='bbox 1372 2070 1457 2116; x_wconf 89' lang='lat' dir='ltr'>eom-</span> 
     </span>
     <span class='ocr_line' id='line_1_15' title="bbox 347 2157 1457 2242; baseline 0 -22"><span class='ocrx_word' id='word_1_123' title='bbox 347 2158 446 2221; x_wconf 88' lang='lat' dir='ltr'>motos</span> <span class='ocrx_word' id='word_1_124' title='bbox 468 2159 533 2222; x_wconf 91' lang='lat' dir='ltr'>tam</span> <span class='ocrx_word' id='word_1_125' title='bbox 555 2159 639 2242; x_wconf 86' lang='lat' dir='ltr'>large</span> <span class='ocrx_word' id='word_1_126' title='bbox 662 2176 786 2223; x_wconf 87' lang='lat' dir='ltr'>coronas</span> <span class='ocrx_word' id='word_1_127' title='bbox 804 2157 964 2235; x_wconf 87' lang='lat' dir='ltr'>effundere,</span> <span class='ocrx_word' id='word_1_128' title='bbox 991 2157 1077 2238; x_wconf 86' lang='lat' dir='ltr'>quasi</span> <span class='ocrx_word' id='word_1_129' title='bbox 1099 2175 1209 2221; x_wconf 86' lang='lat' dir='ltr'>vanam</span> <span class='ocrx_word' id='word_1_130' title='bbox 1225 2159 1316 2239; x_wconf 82' lang='lat' dir='ltr'>utque</span> <span class='ocrx_word' id='word_1_131' title='bbox 1338 2157 1457 2220; x_wconf 87' lang='lat' dir='ltr'>irritam</span> 
     </span>
     <span class='ocr_line' id='line_1_16' title="bbox 347 2261 1454 2346; baseline 0.001 -21"><span class='ocrx_word' id='word_1_132' title='bbox 347 2261 391 2326; x_wconf 89' lang='lat' dir='ltr'>ita</span> <span class='ocrx_word' id='word_1_133' title='bbox 414 2261 540 2339; x_wconf 85' lang='lat' dir='ltr'>refutat,</span> <span class='ocrx_word' id='word_1_134' title='bbox 564 2264 600 2326; x_wconf 92' lang='grc'>11</span> <span class='ocrx_word' id='word_1_135' title='bbox 623 2263 717 2328; x_wconf 90' lang='lat' dir='ltr'>simul</span> <span class='ocrx_word' id='word_1_136' title='bbox 740 2263 813 2346; x_wconf 90' lang='lat' dir='ltr'>quid</span> <span class='ocrx_word' id='word_1_137' title='bbox 836 2281 940 2327; x_wconf 87' lang='lat' dir='ltr'>revera</span> <span class='ocrx_word' id='word_1_138' title='bbox 963 2264 1164 2344; x_wconf 87' lang='lat' dir='ltr'>consequatur</span> <span class='ocrx_word' id='word_1_139' title='bbox 1192 2282 1227 2327; x_wconf 85' lang='grc'>11</span> <span class='ocrx_word' id='word_1_140' title='bbox 1249 2263 1306 2328; x_wconf 88' lang='lat' dir='ltr'>tali</span> <span class='ocrx_word' id='word_1_141' title='bbox 1327 2263 1454 2337; x_wconf 86' lang='lat' dir='ltr'>ratione,</span> 
     </span>
     <span class='ocr_line' id='line_1_17' title="bbox 348 2366 1455 2451; baseline -0.002 -19"><span class='ocrx_word' id='word_1_142' title='bbox 348 2370 489 2450; x_wconf 89' lang='lat' dir='ltr'>opponat.</span> <span class='ocrx_word' id='word_1_143' title='bbox 529 2371 664 2433; x_wconf 89' lang='lat' dir='ltr'>ceterum</span> <span class='ocrx_word' id='word_1_144' title='bbox 686 2368 770 2451; x_wconf 85' lang='lat' dir='ltr'>prius</span> <span class='ocrx_word' id='word_1_145' title='bbox 785 2369 875 2434; x_wconf 90' lang='lat' dir='ltr'>buius</span> <span class='ocrx_word' id='word_1_146' title='bbox 890 2366 1082 2432; x_wconf 85' lang='lat' dir='ltr'>refutationis</span> <span class='ocrx_word' id='word_1_147' title='bbox 1106 2367 1267 2449; x_wconf 88' lang='lat' dir='ltr'>bipertitae</span> <span class='ocrx_word' id='word_1_148' title='bbox 1283 2367 1455 2434; x_wconf 89' lang='lat' dir='ltr'>membrum</span> 
     </span>
     <span class='ocr_line' id='line_1_18' title="bbox 349 2473 1452 2556; baseline 0 -20"><span class='ocrx_word' id='word_1_149' title='bbox 349 2473 471 2556; x_wconf 86' lang='lat' dir='ltr'>gravius</span> <span class='ocrx_word' id='word_1_150' title='bbox 494 2473 690 2539; x_wconf 89' lang='lat' dir='ltr'>iudicandum</span> <span class='ocrx_word' id='word_1_151' title='bbox 714 2476 768 2540; x_wconf 90' lang='lat' dir='ltr'>est.</span> <span class='ocrx_word' id='word_1_152' title='bbox 816 2493 892 2556; x_wconf 88' lang='lat' dir='ltr'>quae</span> <span class='ocrx_word' id='word_1_153' title='bbox 915 2474 942 2538; x_wconf 90' lang='lat' dir='ltr'>si</span> <span class='ocrx_word' id='word_1_154' title='bbox 963 2473 1007 2537; x_wconf 93' lang='lat' dir='ltr'>ita</span> <span class='ocrx_word' id='word_1_155' title='bbox 1030 2475 1109 2550; x_wconf 85' lang='lat' dir='ltr'>sunt,</span> <span class='ocrx_word' id='word_1_156' title='bbox 1134 2474 1284 2537; x_wconf 88' lang='lat' dir='ltr'>sententia</span> <span class='ocrx_word' id='word_1_157' title='bbox 1305 2474 1382 2538; x_wconf 89' lang='lat' dir='ltr'>haec</span> <span class='ocrx_word' id='word_1_158' title='bbox 1405 2473 1452 2536; x_wconf 90' lang='lat' dir='ltr'>in·</span> 
     </span>
     <span class='ocr_line' id='line_1_19' title="bbox 348 2568 1453 2658; baseline -0.007 -15"><span class='ocrx_word' id='word_1_159' title='bbox 348 2578 475 2644; x_wconf 80' lang='grc'><strong>11111111</strong></span> <span class='ocrx_word' id='word_1_160' title='bbox 496 2599 557 2644; x_wconf 87' lang='lat' dir='ltr'>non</span> <span class='ocrx_word' id='word_1_161' title='bbox 584 2581 647 2642; x_wconf 86' lang='lat' dir='ltr'>tam</span> <span class='ocrx_word' id='word_1_162' title='bbox 674 2579 712 2643; x_wconf 84' lang='lat' dir='ltr'>ad</span> <span class='ocrx_word' id='word_1_163' title='bbox 740 2580 847 2645; x_wconf 82' lang='lat' dir='ltr'>rerba:</span> <span class='ocrx_word' id='word_1_164' title='bbox 873 2571 949 2638; x_wconf 75' lang='grc' dir='ltr'>οὔθ’</span> <span class='ocrx_word' id='word_1_165' title='bbox 978 2574 1013 2635; x_wconf 85' lang='grc' dir='ltr'>οἱ</span> <span class='ocrx_word' id='word_1_166' title='bbox 1038 2569 1218 2658; x_wconf 65' lang='grc' dir='ltr'><em>τιμώμενοι</em></span> <span class='ocrx_word' id='word_1_167' title='bbox 1247 2571 1344 2656; x_wconf 80' lang='grc' dir='ltr'><em>χάριν</em></span> <span class='ocrx_word' id='word_1_168' title='bbox 1374 2568 1453 2651; x_wconf 77' lang='grc' dir='ltr'><em>ὑμῖν</em></span> 
     </span>
     <span class='ocr_line' id='line_1_20' title="bbox 350 2674 1453 2766; baseline 0 -26"><span class='ocrx_word' id='word_1_169' title='bbox 350 2675 495 2742; x_wconf 81' lang='grc' dir='ltr'><strong><em>εἴσονται</em></strong></span> <span class='ocrx_word' id='word_1_170' title='bbox 518 2676 595 2742; x_wconf 77' lang='grc' dir='ltr'><em>οὔτε</em></span> <span class='ocrx_word' id='word_1_171' title='bbox 619 2677 657 2742; x_wconf 79' lang='grc' dir='ltr'>τὰ</span> <span class='ocrx_word' id='word_1_172' title='bbox 674 2677 730 2766; x_wconf 78' lang='grc' dir='ltr'>τῆς</span> <span class='ocrx_word' id='word_1_173' title='bbox 753 2679 880 2751; x_wconf 78' lang='grc' dir='ltr'><em>πόλεως</em></span> <span class='ocrx_word' id='word_1_174' title='bbox 904 2677 1076 2761; x_wconf 82' lang='grc' dir='ltr'><em>πράγματα</em></span> <span class='ocrx_word' id='word_1_175' title='bbox 1093 2674 1244 2741; x_wconf 79' lang='grc' dir='ltr'><em>οὐδέποτ’</em></span> <span class='ocrx_word' id='word_1_176' title='bbox 1261 2677 1453 2761; x_wconf 71' lang='grc' dir='ltr'><em>ἐπανορθω·</em></span> 
     </span>
     <span class='ocr_line' id='line_1_21' title="bbox 350 2782 1455 2874; baseline -0.006 -14"><span class='ocrx_word' id='word_1_177' title='bbox 350 2782 496 2868; x_wconf 63' lang='grc' dir='ltr'>θήσθῑαι,</span> <span class='ocrx_word' id='word_1_178' title='bbox 529 2791 567 2854; x_wconf 91' lang='lat' dir='ltr'>ad</span> <span class='ocrx_word' id='word_1_179' title='bbox 592 2811 668 2873; x_wconf 86' lang='lat' dir='ltr'>quae</span> <span class='ocrx_word' id='word_1_180' title='bbox 690 2792 792 2874; x_wconf 87' lang='lat' dir='ltr'>potius</span> <span class='ocrx_word' id='word_1_181' title='bbox 814 2811 850 2856; x_wconf 91' lang='lat' dir='ltr'>ea</span> <span class='ocrx_word' id='word_1_182' title='bbox 874 2811 950 2873; x_wconf 90' lang='lat' dir='ltr'>quae</span> <span class='ocrx_word' id='word_1_183' title='bbox 973 2789 1110 2872; x_wconf 81' lang='lat' dir='ltr'>sequitrn</span> <span class='ocrx_word' id='word_1_184' title='bbox 1133 2789 1354 2872; x_wconf 87' lang='lat' dir='ltr'>argumentatio</span> <span class='ocrx_word' id='word_1_185' title='bbox 1380 2808 1455 2870; x_wconf 50' lang='lat' dir='ltr'>qua*</span> 
     </span>
     <span class='ocr_line' id='line_1_22' title="bbox 257 2885 1455 2978; baseline 0.001 -19"><span class='ocrx_word' id='word_1_186' title='bbox 257 2913 259 2916; x_wconf 84' lang='lat'>·</span> <span class='ocrx_word' id='word_1_187' title='bbox 350 2895 426 2972; x_wconf 88' lang='lat' dir='ltr'>drat,</span> <span class='ocrx_word' id='word_1_188' title='bbox 444 2915 535 2978; x_wconf 89' lang='lat' dir='ltr'>quam</span> <span class='ocrx_word' id='word_1_189' title='bbox 550 2896 589 2960; x_wconf 92' lang='lat' dir='ltr'>ad</span> <span class='ocrx_word' id='word_1_190' title='bbox 601 2896 810 2962; x_wconf 88' lang='lat' dir='ltr'>condicionem</span> <span class='ocrx_word' id='word_1_191' title='bbox 823 2895 1066 2961; x_wconf 75' lang='lat' dir='ltr'>antecedentem:</span> <span class='ocrx_word' id='word_1_192' title='bbox 1081 2885 1111 2951; x_wconf 77' lang='grc' dir='ltr'>εἰ</span> <span class='ocrx_word' id='word_1_193' title='bbox 1127 2887 1171 2972; x_wconf 81' lang='grc' dir='ltr'>μὴ</span> <span class='ocrx_word' id='word_1_194' title='bbox 1190 2886 1386 2952; x_wconf 74' lang='grc' dir='ltr'><strong><em>καταλύσετε</em></strong></span> <span class='ocrx_word' id='word_1_195' title='bbox 1398 2887 1455 2960; x_wconf 81' lang='grc' dir='ltr'>τὰς</span> 
     </span>
     <span class='ocr_line' id='line_1_23' title="bbox 351 2991 1455 3080; baseline 0 -24"><span class='ocrx_word' id='word_1_196' title='bbox 351 2991 527 3078; x_wconf 66' lang='grc' dir='ltr'>ἀφθόνους</span> <span class='ocrx_word' id='word_1_197' title='bbox 551 2995 666 3067; x_wconf 69' lang='grc' dir='ltr'><strong><em>ταύτας</em></strong></span> <span class='ocrx_word' id='word_1_198' title='bbox 689 2993 810 3079; x_wconf 82' lang='grc' dir='ltr'><em>δωρεὰς</em></span> <span class='ocrx_word' id='word_1_199' title='bbox 839 2991 892 3058; x_wconf 84' lang='grc' dir='ltr'>καὶ</span> <span class='ocrx_word' id='word_1_200' title='bbox 916 2992 994 3068; x_wconf 74' lang='grc' dir='ltr'>τούς</span> <span class='ocrx_word' id='word_1_201' title='bbox 1017 2992 1086 3080; x_wconf 74' lang='lat' dir='ltr'>einp</span> <span class='ocrx_word' id='word_1_202' title='bbox 1113 2993 1310 3073; x_wconf 81' lang='grc' dir='ltr'><strong><em>διδομένους</em></strong></span> <span class='ocrx_word' id='word_1_203' title='bbox 1334 2995 1455 3076; x_wconf 80' lang='grc' dir='ltr'><em>στεφά-</em></span> 
     </span>
     <span class='ocr_line' id='line_1_24' title="bbox 350 3105 1452 3190; baseline -0.001 -18"><span class='ocrx_word' id='word_1_204' title='bbox 350 3122 429 3172; x_wconf 77' lang='grc' dir='ltr'><strong><em>νους</em></strong></span> <span class='ocrx_word' id='word_1_205' title='bbox 460 3107 591 3188; x_wconf 89' lang='lat' dir='ltr'>pertinet</span> <span class='ocrx_word' id='word_1_206' title='bbox 620 3128 714 3190; x_wconf 91' lang='lat' dir='ltr'>eoque</span> <span class='ocrx_word' id='word_1_207' title='bbox 742 3107 842 3172; x_wconf 86' lang='lat' dir='ltr'>miuus</span> <span class='ocrx_word' id='word_1_208' title='bbox 872 3106 1022 3170; x_wconf 88' lang='lat' dir='ltr'>disturbat</span> <span class='ocrx_word' id='word_1_209' title='bbox 1055 3105 1274 3190; x_wconf 85' lang='lat' dir='ltr'>cogitationum</span> <span class='ocrx_word' id='word_1_210' title='bbox 1307 3109 1452 3172; x_wconf 89' lang='lat' dir='ltr'>tenorem.</span> 
     </span>
     <span class='ocr_line' id='line_1_25' title="bbox 350 3211 1454 3296; baseline 0 -20"><span class='ocrx_word' id='word_1_211' title='bbox 350 3213 440 3294; x_wconf 86' lang='lat' dir='ltr'>atque</span> <span class='ocrx_word' id='word_1_212' title='bbox 462 3212 494 3276; x_wconf 90' lang='grc'>11</span> <span class='ocrx_word' id='word_1_213' title='bbox 518 3231 552 3276; x_wconf 94' lang='lat' dir='ltr'>eo</span> <span class='ocrx_word' id='word_1_214' title='bbox 577 3213 769 3294; x_wconf 86' lang='lat' dir='ltr'>potissimum</span> <span class='ocrx_word' id='word_1_215' title='bbox 794 3212 874 3296; x_wconf 90' lang='lat' dir='ltr'>quod</span> <span class='ocrx_word' id='word_1_216' title='bbox 896 3212 974 3276; x_wconf 89' lang='lat' dir='ltr'>bano</span> <span class='ocrx_word' id='word_1_217' title='bbox 991 3211 1171 3282; x_wconf 85' lang='lat' dir='ltr'>sententiam</span> <span class='ocrx_word' id='word_1_218' title='bbox 1193 3211 1454 3276; x_wconf 87' lang='lat' dir='ltr'>interiectam-re-</span> 
     </span>
     <span class='ocr_line' id='line_1_26' title="bbox 349 3315 1452 3398; baseline -0.002 -17"><span class='ocrx_word' id='word_1_219' title='bbox 349 3316 504 3382; x_wconf 89' lang='lat' dir='ltr'>ferendam</span> <span class='ocrx_word' id='word_1_220' title='bbox 528 3329 594 3383; x_wconf 89' lang='lat' dir='ltr'>esse</span> <span class='ocrx_word' id='word_1_221' title='bbox 619 3318 737 3383; x_wconf 87' lang='lat' dir='ltr'>censuit</span> <span class='ocrx_word' id='word_1_222' title='bbox 760 3318 799 3382; x_wconf 89' lang='lat' dir='ltr'>ad</span> <span class='ocrx_word' id='word_1_223' title='bbox 821 3319 918 3383; x_wconf 88' lang='lat' dir='ltr'>totam</span> <span class='ocrx_word' id='word_1_224' title='bbox 941 3316 1032 3398; x_wconf 89' lang='lat' dir='ltr'>primi</span> <span class='ocrx_word' id='word_1_225' title='bbox 1056 3315 1202 3381; x_wconf 87' lang='lat' dir='ltr'>enuntiati</span> <span class='ocrx_word' id='word_1_226' title='bbox 1219 3315 1452 3392; x_wconf 87' lang='lat' dir='ltr'>conclusionem,</span> 
     </span>
     <span class='ocr_line' id='line_1_27' title="bbox 349 3420 1451 3504; baseline -0.002 -18"><span class='ocrx_word' id='word_1_227' title='bbox 349 3441 408 3486; x_wconf 91' lang='lat' dir='ltr'>non</span> <span class='ocrx_word' id='word_1_228' title='bbox 432 3421 470 3486; x_wconf 90' lang='lat' dir='ltr'>ad</span> <span class='ocrx_word' id='word_1_229' title='bbox 487 3422 694 3489; x_wconf 85' lang='lat' dir='ltr'>condicionem</span> <span class='ocrx_word' id='word_1_230' title='bbox 718 3424 815 3489; x_wconf 90' lang='lat' dir='ltr'>solam</span> <span class='ocrx_word' id='word_1_231' title='bbox 837 3422 923 3487; x_wconf 90' lang='lat' dir='ltr'>initio</span> <span class='ocrx_word' id='word_1_232' title='bbox 947 3422 1154 3504; x_wconf 87' lang='lat' dir='ltr'>praemissam,</span> <span class='ocrx_word' id='word_1_233' title='bbox 1171 3420 1318 3486; x_wconf 89' lang='lat' dir='ltr'>Weidner</span> <span class='ocrx_word' id='word_1_234' title='bbox 1333 3421 1451 3485; x_wconf 80' lang='lat' dir='ltr'>errarit.</span> 
     </span>
     <span class='ocr_line' id='line_1_28' title="bbox 351 3527 1455 3612; baseline 0.001 -21"><span class='ocrx_word' id='word_1_235' title='bbox 351 3541 392 3574; x_wconf 81' lang='lat'>·-</span> <span class='ocrx_word' id='word_1_236' title='bbox 417 3527 471 3592; x_wconf 92' lang='lat' dir='ltr'>sed</span> <span class='ocrx_word' id='word_1_237' title='bbox 498 3527 574 3592; x_wconf 87' lang='lat' dir='ltr'>baec</span> <span class='ocrx_word' id='word_1_238' title='bbox 602 3528 757 3594; x_wconf 87' lang='lat' dir='ltr'>haetenus.</span> <span class='ocrx_word' id='word_1_239' title='bbox 805 3528 943 3610; x_wconf 82' lang='lat' dir='ltr'>exempla</span> <span class='ocrx_word' id='word_1_240' title='bbox 969 3527 1068 3592; x_wconf 87' lang='lat' dir='ltr'>adhue</span> <span class='ocrx_word' id='word_1_241' title='bbox 1096 3529 1241 3612; x_wconf 88' lang='lat' dir='ltr'>congesta</span> <span class='ocrx_word' id='word_1_242' title='bbox 1271 3544 1455 3610; x_wconf 89' lang='lat' dir='ltr'>quamquam</span> 
     </span>
     <span class='ocr_line' id='line_1_29' title="bbox 350 3633 1453 3716; baseline -0.001 -20"><span class='ocrx_word' id='word_1_243' title='bbox 350 3633 430 3698; x_wconf 90' lang='lat' dir='ltr'>inter</span> <span class='ocrx_word' id='word_1_244' title='bbox 458 3652 490 3696; x_wconf 87' lang='lat' dir='ltr'>se</span> <span class='ocrx_word' id='word_1_245' title='bbox 518 3651 744 3715; x_wconf 88' lang='lat' dir='ltr'>nonnumquam</span> <span class='ocrx_word' id='word_1_246' title='bbox 776 3635 947 3716; x_wconf 83' lang='lat' dir='ltr'>paullulum</span> <span class='ocrx_word' id='word_1_247' title='bbox 977 3633 1095 3699; x_wconf 87' lang='lat' dir='ltr'>diversa</span> <span class='ocrx_word' id='word_1_248' title='bbox 1122 3635 1206 3710; x_wconf 90' lang='lat' dir='ltr'>sunt,</span> <span class='ocrx_word' id='word_1_249' title='bbox 1234 3635 1338 3696; x_wconf 88' lang='grc'><strong>11111111</strong></span> <span class='ocrx_word' id='word_1_250' title='bbox 1365 3633 1396 3696; x_wconf 91' lang='lat' dir='ltr'>in</span> <span class='ocrx_word' id='word_1_251' title='bbox 1419 3651 1453 3696; x_wconf 92' lang='lat' dir='ltr'>eo</span> 
     </span>
     <span class='ocr_line' id='line_1_30' title="bbox 351 3737 1453 3827; baseline -0.002 -23"><span class='ocrx_word' id='word_1_252' title='bbox 351 3739 534 3822; x_wconf 87' lang='lat' dir='ltr'>congruunt,</span> <span class='ocrx_word' id='word_1_253' title='bbox 564 3738 645 3820; x_wconf 91' lang='lat' dir='ltr'>qnod</span> <span class='ocrx_word' id='word_1_254' title='bbox 666 3739 753 3803; x_wconf 90' lang='lat' dir='ltr'>nobis</span> <span class='ocrx_word' id='word_1_255' title='bbox 776 3741 845 3803; x_wconf 90' lang='lat' dir='ltr'>ante</span> <span class='ocrx_word' id='word_1_256' title='bbox 869 3739 972 3804; x_wconf 89' lang='lat' dir='ltr'>oculos</span> <span class='ocrx_word' id='word_1_257' title='bbox 995 3740 1112 3821; x_wconf 91' lang='lat' dir='ltr'>ponunt</span> <span class='ocrx_word' id='word_1_258' title='bbox 1133 3739 1297 3814; x_wconf 88' lang='lat' dir='ltr'>oratorem,</span> <span class='ocrx_word' id='word_1_259' title='bbox 1328 3737 1380 3827; x_wconf 86' lang='lat' dir='ltr'>qui</span> <span class='ocrx_word' id='word_1_260' title='bbox 1402 3756 1453 3802; x_wconf 87' lang='lat' dir='ltr'>ca-</span> 
     </span>
     <span class='ocr_line' id='line_1_31' title="bbox 350 3842 1454 3925; baseline -0.002 -17"><span class='ocrx_word' id='word_1_261' title='bbox 350 3843 520 3912; x_wconf 90' lang='lat' dir='ltr'>lumniandi</span> <span class='ocrx_word' id='word_1_262' title='bbox 543 3845 574 3908; x_wconf 88' lang='lat' dir='ltr'>ot</span> <span class='ocrx_word' id='word_1_263' title='bbox 598 3844 775 3921; x_wconf 77' lang='lat' dir='ltr'>eumanadi,</span> <span class='ocrx_word' id='word_1_264' title='bbox 805 3843 1005 3925; x_wconf 86' lang='lat' dir='ltr'>patefaciendi</span> <span class='ocrx_word' id='word_1_265' title='bbox 1028 3845 1059 3908; x_wconf 90' lang='lat' dir='ltr'>et</span> <span class='ocrx_word' id='word_1_266' title='bbox 1082 3842 1224 3921; x_wconf 88' lang='lat' dir='ltr'>docendi,</span> <span class='ocrx_word' id='word_1_267' title='bbox 1252 3842 1454 3924; x_wconf 87' lang='lat' dir='ltr'>persuadendi</span> 
     </span>
     <span class='ocr_line' id='line_1_32' title="bbox 352 3948 1454 4028; baseline 0.001 -16"><span class='ocrx_word' id='word_1_268' title='bbox 352 3951 384 4013; x_wconf 86' lang='lat' dir='ltr'>et</span> <span class='ocrx_word' id='word_1_269' title='bbox 406 3948 556 4013; x_wconf 87' lang='lat' dir='ltr'>refutandi</span> <span class='ocrx_word' id='word_1_270' title='bbox 579 3949 688 4014; x_wconf 90' lang='lat' dir='ltr'>studiis</span> <span class='ocrx_word' id='word_1_271' title='bbox 711 3948 802 4013; x_wconf 83' lang='lat' dir='ltr'>uariis</span> <span class='ocrx_word' id='word_1_272' title='bbox 831 3968 865 4013; x_wconf 91' lang='lat' dir='ltr'>ec</span> <span class='ocrx_word' id='word_1_273' title='bbox 889 3948 1064 4026; x_wconf 82' lang='lat' dir='ltr'>adducitur,</span> <span class='ocrx_word' id='word_1_274' title='bbox 1091 3952 1127 4014; x_wconf 92' lang='grc'>11</span> <span class='ocrx_word' id='word_1_275' title='bbox 1149 3949 1266 4012; x_wconf 87' lang='lat' dir='ltr'>rectum</span> <span class='ocrx_word' id='word_1_276' title='bbox 1294 3950 1385 4028; x_wconf 89' lang='lat' dir='ltr'>atque</span> <span class='ocrx_word' id='word_1_277' title='bbox 1405 3967 1454 4013; x_wconf 55' lang='lat' dir='ltr'>se*</span> 
     </span>
     <span class='ocr_line' id='line_1_33' title="bbox 351 4053 1454 4137; baseline 0.001 -19"><span class='ocrx_word' id='word_1_278' title='bbox 351 4071 458 4118; x_wconf 82' lang='lat' dir='ltr'>rerum</span> <span class='ocrx_word' id='word_1_279' title='bbox 488 4053 550 4118; x_wconf 90' lang='lat' dir='ltr'>sive</span> <span class='ocrx_word' id='word_1_280' title='bbox 582 4053 805 4119; x_wconf 83' lang='lat' dir='ltr'>enarrationum</span> <span class='ocrx_word' id='word_1_281' title='bbox 840 4053 902 4117; x_wconf 88' lang='lat' dir='ltr'>sive</span> <span class='ocrx_word' id='word_1_282' title='bbox 931 4053 1149 4137; x_wconf 79' lang='lat' dir='ltr'>cogitationum</span> <span class='ocrx_word' id='word_1_283' title='bbox 1184 4072 1329 4118; x_wconf 83' lang='lat' dir='ltr'>conexum</span> <span class='ocrx_word' id='word_1_284' title='bbox 1364 4056 1454 4136; x_wconf 78' lang='lat' dir='ltr'>atqua</span> 
     </span>
     <span class='ocr_line' id='line_1_34' title="bbox 350 4158 1285 4243; baseline -0.001 -20"><span class='ocrx_word' id='word_1_285' title='bbox 350 4161 486 4223; x_wconf 90' lang='lat' dir='ltr'>tenorem</span> <span class='ocrx_word' id='word_1_286' title='bbox 506 4158 551 4223; x_wconf 90' lang='lat' dir='ltr'>ita</span> <span class='ocrx_word' id='word_1_287' title='bbox 573 4159 753 4243; x_wconf 87' lang='lat' dir='ltr'>egrediatur,</span> <span class='ocrx_word' id='word_1_288' title='bbox 777 4164 813 4223; x_wconf 91' lang='grc'>11</span> <span class='ocrx_word' id='word_1_289' title='bbox 834 4178 893 4224; x_wconf 87' lang='lat' dir='ltr'>non</span> <span class='ocrx_word' id='word_1_290' title='bbox 914 4177 1037 4242; x_wconf 89' lang='lat' dir='ltr'>prorsus</span> <span class='ocrx_word' id='word_1_291' title='bbox 1061 4158 1219 4224; x_wconf 89' lang='lat' dir='ltr'>disturbet.</span> <span class='ocrx_word' id='word_1_292' title='bbox 1245 4190 1285 4198; x_wconf 83' lang='lat'><em>-</em></span> 
     </span>
    </p>

    <p class='ocr_par' dir='ltr' id='par_1_3' title="bbox 357 4261 1455 4347">
     <span class='ocr_line' id='line_1_35' title="bbox 357 4261 1455 4347; baseline 0.003 -21"><span class='ocrx_word' id='word_1_293' title='bbox 357 4274 371 4308; x_wconf 55' lang='grc' dir='ltr'>ἰ</span> <span class='ocrx_word' id='word_1_294' title='bbox 402 4261 526 4327; x_wconf 39' lang='lat' dir='ltr'>x&lt;Hanc</span> <span class='ocrx_word' id='word_1_295' title='bbox 548 4282 623 4329; x_wconf 84' lang='lat' dir='ltr'>vero·</span> <span class='ocrx_word' id='word_1_296' title='bbox 634 4265 794 4336; x_wconf 82' lang='lat' dir='ltr'>Aeschinis</span> <span class='ocrx_word' id='word_1_297' title='bbox 818 4264 1004 4330; x_wconf 83' lang='lat' dir='ltr'>decretione</span> <span class='ocrx_word' id='word_1_298' title='bbox 1028 4263 1232 4342; x_wconf 88' lang='lat' dir='ltr'>securitatem,</span> <span class='ocrx_word' id='word_1_299' title='bbox 1257 4283 1348 4345; x_wconf 87' lang='lat' dir='ltr'>quam</span> <span class='ocrx_word' id='word_1_300' title='bbox 1365 4284 1455 4347; x_wconf 81' lang='lat' dir='ltr'>saepe</span> 
     </span>
    </p>
   </div>
   <div class='ocr_carea' id='block_1_3' title="bbox 0 0 1569 5108">
    <p class='ocr_par' dir='ltr' id='par_1_4' title="bbox 0 0 1569 5108">
     <span class='ocr_line' id='line_1_36' title="bbox 0 0 1569 5108; baseline 0 0"><span class='ocrx_word' id='word_1_301' title='bbox 0 0 1569 5108; x_wconf 95' lang='lat' dir='ltr'> </span> 
     </span>
    </p>
   </div>
  </div>
 </body>
</html>
