3128 5108
772 558 992 620 ..40-

334 766 408 830 quos
431 746 613 812 sententiam
635 744 766 828 priorem
789 743 991 822 referendam,
1022 745 1076 809 sed
1102 743 1189 827 quasi
1211 743 1242 808 in
1265 743 1442 807 universum

333 852 447 917 dictam
482 871 548 916 esse
583 851 739 933 putamus:
777 847 814 912 de
848 846 915 929 ipsa
949 848 1059 913 virtute
1094 841 1150 927 (sc.
1180 850 1334 913 sedamen
1363 838 1441 925 est),

332 958 456 1039 propter
481 972 702 1039 quamcumque
725 953 802 1017 forte
826 953 1006 1017 coronantur
1029 945 1137 1030 (,‚man
1158 951 1304 1017 belranzt
1319 943 1441 1031 wird“)‚

331 1063 352 1128 i.
376 1083 402 1126 e.
430 1062 554 1144 propter
581 1077 803 1142 quemcumque
837 1057 914 1122 forte
950 1057 1103 1121 coronatio
1138 1058 1181 1122 fit.
1235 1060 1336 1122 orator
1370 1076 1442 1140 ergo

333 1167 560 1234 enuntiatorum
583 1164 753 1229 subiectum
778 1162 858 1245 quod
881 1164 1006 1227 vocatur
1021 1161 1160 1227 uariauit.
1198 1182 1274 1245 quac
1292 1161 1443 1228 sententia

333 1274 408 1339 adeo
433 1272 628 1337 confirmetur
651 1269 787 1350 exemplo
809 1267 1060 1332 luculentissimo.
1106 1267 1245 1334 inserto
1271 1269 1352 1334 enim
1377 1267 1443 1348 epi-

331 1379 401 1462 logo
437 1370 473 1458 (§
498 1367 582 1456 243)
613 1373 781 1440 Aeschines
816 1373 1043 1456 Ctesiphontem
1078 1393 1147 1438 cum
1183 1374 1226 1438 sio
1261 1374 1442 1456 alloquitur:

333 1475 543 1563 ἐπερώτησον
573 1473 613 1560 δὴ
642 1472 718 1547 τοὺς
743 1471 909 1550 δικαστὰς,
939 1469 968 1536 εἰ
996 1472 1192 1554 ἐγίγνωσκον
1216 1475 1363 1557 Χαβρίαν
1389 1471 1443 1536 καὶ

242 1621 245 1628 ,
332 1580 531 1667 Ἰφικράτην
560 1577 614 1642 καὶ
645 1579 831 1661 Τιμόθεον,
862 1575 915 1642 καὶ
941 1581 1058 1642 πυθοῦ
1081 1575 1158 1660 παρ’
1181 1576 1304 1665 αὐτῶν,
1334 1576 1388 1643 διὰ
1412 1580 1446 1640 τί

332 1685 389 1758 τὰς
403 1685 527 1770 δωρεὰς
543 1683 655 1756 αὐτοῖς
671 1686 791 1749 ἔδοσαν
809 1681 861 1749 καὶ
885 1682 941 1756 τὰς
955 1682 1085 1755 εἰκόνας
1100 1684 1250 1770 ἔστησαν,
1274 1691 1443 1754 orationem

334 1797 548 1873 conformavit,
580 1797 666 1878 quasi
688 1798 719 1860 in
743 1791 897 1862 enuntiato
920 1795 1136 1879 interrogativo
1164 1795 1265 1860 eidem
1292 1790 1445 1854 δικασταί

334 1905 424 1986 atque
450 1906 539 1967 antea
554 1901 806 1984 subintellegendi
823 1904 933 1966 essent.
973 1901 1054 1984 quod
1076 1921 1124 1966 res
1147 1900 1215 1982 ipsa
1229 1902 1322 1976 vetat,
1348 1920 1442 1983 quon-

332 2009 395 2072 iam
419 2008 447 2072 ci
469 2007 600 2084 iudices,
631 2006 683 2086 qui
713 2007 829 2072 dehac
853 2006 907 2072 lite
929 2007 1076 2071 iudicium
1099 2005 1242 2086 talorum,
1267 2005 1440 2084 Chabriam,

334 2113 535 2196 Iphicratem‚
564 2112 758 2176 Timotheum
792 2132 851 2177 non
885 2115 1110 2177 coronaverunt.
1169 2115 1205 2176 ut
1237 2111 1286 2176 hic
1322 2131 1441 2194 quoque

335 2217 505 2282 subiectum
529 2217 702 2282 universum
725 2236 848 2282 necesse
872 2217 912 2281 sit
933 2217 1093 2281 statuatur.
1117 2248 1160 2258 -

421 2323 461 2387 lit
484 2341 520 2386 ne
544 2322 750 2403 inaequabiles
773 2323 897 2404 quidem
912 2321 1061 2387 orationes
1084 2324 1185 2388 orator
1200 2323 1303 2400 euitat,
1329 2321 1440 2404 quippe

335 2428 388 2510 qui
411 2427 532 2492 omnino
560 2428 615 2504 „ab
640 2427 819 2492 artificiosae
836 2429 1045 2493 concinnitatis
1069 2428 1169 2493 studio
1195 2447 1287 2510 quam
1310 2427 1440 2492 manime

334 2533 375 2597 sit
397 2526 547 2596 alienus“.
593 2527 611 2608 ἓ
636 2532 717 2597 enim
740 2535 804 2599 204
821 2537 895 2598 extr.
918 2534 993 2598 haec
1015 2534 1048 2598 in
1070 2533 1228 2598 codicibus
1249 2533 1373 2596 exarata
1394 2532 1441 2595 in-

336 2637 487 2702 venimus:
518 2632 618 2695 ααῦτα
641 2632 667 2695 δ’
692 2628 794 2696 εἰπών
818 2631 919 2717 μικρὰ
941 2631 1004 2715 μὲν
1028 2629 1192 2716 περὶτῶν
1216 2629 1308 2694 ἰδίων
1333 2623 1440 2715 εἷπον,

336 2734 373 2799 τὰ
398 2735 433 2800 δὲ
457 2736 592 2800 πλεῖστα
615 2735 777 2823 περὶτῶν
801 2739 969 2825 δημοσίων
992 2735 1202 2825 ἀδικημάτων
1225 2738 1318 2817 λέγω,
1367 2761 1442 2818 quae

333 2848 378 2912 ita
405 2845 624 2928 displicuerunt
652 2848 774 2914 Roislrio
809 2841 859 2928 (in
887 2841 965 2930 ed),
1001 2851 1036 2913 ut
1069 2849 1237 2914 orationem
1272 2848 1315 2912 sio
1350 2848 1443 2912 fluere

333 2952 457 3016 mallet:
481 2949 582 3009 ταῦτα
606 2948 634 3010 δ’
651 2944 754 3011 εἰπών
777 2947 877 3032 μικρὰ
900 2947 961 3030 μὲν
985 2945 1061 3033 περὶ
1085 2951 1149 3012 τῶν
1174 2941 1381 3012 tornesiaco
1405 2945 1445 3010 τὰ

335 3052 370 3116 δὲ
394 3053 529 3117 πλεῖστα
554 3048 630 3136 περὶ
654 3055 717 3114 τῶν
741 3054 925 3141 δημοσίων,
954 3053 1165 3142 ἀδικημάτων
1188 3056 1282 3135 λέγω,
1330 3061 1367 3124 ab
1392 3079 1444 3124 ea-

336 3165 406 3230 dem
423 3165 536 3230 offensa
557 3164 721 3246 profectus,
745 3165 799 3229 sed
822 3166 882 3230 alia
897 3167 947 3230 vie
961 3185 1138 3250 progressus
1161 3165 1284 3230 fortiore
1307 3164 1444 3230 remedio

333 3270 430 3334 utitur
452 3269 599 3335 Weidner
621 3287 727 3334 vocem
750 3260 958 3351 άδικημάτων
983 3289 1171 3354 expungens,
1196 3289 1273 3352 quae
1302 3270 1445 3348 „tolerari

333 3395 394 3440 uon
417 3374 528 3458 possit,
553 3374 636 3456 quod
660 3374 750 3438 simul
778 3377 946 3441 revocanda
968 3379 1048 3442 esset
1070 3375 1109 3440 ad
1137 3366 1214 3453 περὶ
1243 3371 1307 3432 τῶν
1338 3366 1442 3453 ἰδίων,

336 3480 422 3562 quasi
456 3479 579 3560 publica
612 3480 643 3542 et
678 3478 842 3546 domestica
877 3482 1010 3547 facinora
1044 3475 1333 3564 distinguerentur“.
1389 3480 1444 3544 sed

337 3585 445 3649 neutra
468 3583 617 3647 sententia
639 3584 775 3649 veritatis
792 3587 925 3668 speciem
947 3607 1018 3670 prae
1042 3607 1074 3652 sc
1097 3587 1166 3651 lert.
1204 3605 1276 3650 nam
1299 3587 1392 3651 verba
1415 3585 1443 3649 si

336 3687 523 3788 seiungimus
539 3689 574 3752 ut
589 3688 620 3753 J.
637 3688 667 3753 J.
685 3690 793 3754 Reiske
812 3692 887 3770 vult,
911 3711 1015 3758 vereor
1036 3711 1074 3756 ne
1096 3697 1194 3768 nemo,
1219 3691 1273 3773 qui
1289 3693 1375 3756 cudit
1396 3692 1443 3756 lo-

338 3795 491 3875 quentem,
507 3793 666 3875 intelleget
677 3794 716 3858 ad
727 3789 894 3875 δημοσίων
905 3798 1014 3862 verba:
1029 3787 1237 3876 ἀδικημάτων
1250 3790 1333 3871 λέγω
1347 3796 1443 3879 expli-

337 3896 425 3960 candi
448 3897 546 3979 gratia
569 3895 686 3960 adiecta
709 3918 784 3963 esse.
832 3904 862 3965 et
884 3921 920 3966 ne
943 3902 1089 3967 Weidner
1112 3902 1236 3984 quidem
1260 3902 1442 3966 sententiam

336 4001 526 4085 probabilem
549 4001 665 4065 statuit.
684 4022 813 4068 —uam
835 4006 861 4069 si
884 4005 1023 4070 codicum
1046 4007 1259 4072 auctoritatem
1275 4007 1441 4090 sequimur,

337 4107 412 4171 duas
435 4106 540 4185 plenos
563 4108 653 4187 atque
677 4107 808 4190 integras
833 4112 1010 4176 sententias:
1035 4102 1134 4190 μικρὰ
1152 4145 1193 4152 -
1208 4099 1318 4195 εἶπον,
1342 4106 1381 4170 τὰ
1406 4105 1442 4170 δὲ

337 4206 474 4270 πλεῖστα
499 4246 538 4253 -
563 4205 643 4286 λέγω
674 4213 828 4278 habemus.
878 4218 913 4278 ut
942 4216 993 4300 qui
1022 4217 1201 4282 audiverunt
1234 4219 1319 4299 prius
1347 4239 1441 4283 enun-
