3128 5108
17 1101 22 1112 ’
109 1073 333 1187 Multisariam
349 1123 386 1188 de
401 1125 696 1209 interpolationibus,
715 1147 789 1211 quas
804 1127 836 1191 in
852 1126 1013 1192 Aeschinis
1028 1123 1225 1202 orationibus,

110 1229 277 1311 praecipue
299 1229 331 1294 in
348 1229 575 1314 Ctesiphontem
591 1235 790 1320 investigasse
814 1233 873 1300 sibi
891 1234 1045 1312 visisunt,
1069 1230 1128 1298 riri
1143 1229 1227 1295 docti

112 1333 312 1416 scripserunt.
371 1335 524 1422 iidemque
552 1339 832 1423 interpretamentis
861 1337 1041 1405 miserrimis
1067 1335 1228 1421 inquinata
1335 1407 1337 1412 ,

112 1459 182 1504 6666
205 1441 333 1506 61616116
356 1444 449 1509 16116
470 1445 604 1528 genuina
622 1438 645 1527 ¹)
668 1465 853 1529 quamquam
875 1444 1060 1510 unanimiter
1082 1442 1226 1520 sentiunt,

111 1548 219 1609 tamen
243 1547 327 1611 etin
351 1548 479 1634 singulis
502 1550 534 1615 in
559 1550 692 1616 diversas
714 1554 816 1634 partes
841 1550 1010 1625 discedunt,
1034 1551 1069 1614 ut
1090 1548 1144 1613 alii
1167 1547 1229 1612 aliu

111 1651 207 1715 verba
229 1672 283 1735 pro
306 1653 446 1720 insiticiis
469 1657 616 1737 habeant,
643 1677 740 1740 neque
764 1659 842 1723 hanc
873 1655 1055 1722 emendandi
1077 1654 1227 1720 rationem

113 1754 296 1823 adhibentes
313 1759 373 1824 sibi
394 1761 469 1842 ipsis
486 1765 635 1828 constant.
682 1763 777 1828 immo
800 1762 873 1829 forti
887 1761 1022 1828 remedio
1034 1762 1086 1828 ita
1100 1762 1228 1826 utuntur

4 1913 8 1920 .
111 1865 150 1926 ut
172 1863 363 1928 coniectandi
390 1866 489 1950 magis
512 1867 638 1932 libidine
669 1887 761 1952 qnam
788 1867 988 1954 intellegendi
1016 1866 1117 1933 studio
1141 1864 1226 1931 ducti

111 1967 283 2034 videantur.
330 1971 410 2036 unde
434 1971 582 2040 accidisse
604 1976 640 2039 ut
655 1976 807 2040 oratorem
829 1973 1038 2058 potiusquam
1060 1972 1226 2056 interpola·

111 2077 214 2139 torem
237 2076 475 2160 aggrederentur
501 2077 631 2163 ideoque
654 2099 799 2164 magnam
826 2080 928 2163 potius
951 2080 1046 2146 nostri
1070 2077 1226 2161 scriptoris

112 2179 236 2244 cladem
257 2181 392 2247 facerent
408 2179 430 2259 ²)
455 2203 547 2267 quam
570 2204 674 2252 veram
698 2186 830 2252 salutem
853 2185 994 2251 afferrent
1009 2177 1044 2266 ⁸),
1068 2185 1118 2250 vir
1142 2185 1226 2267 quis·

59 2346 64 2354 .
113 2304 209 2368 quam
224 2285 395 2354 mirabitur.
442 2287 473 2353 in
489 2309 524 2356 66
541 2308 611 2356 1616
634 2291 787 2375 imprimis
803 2310 945 2375 peccasse
969 2290 1120 2370 ridentur,
1145 2289 1227 2373 quod

113 2393 149 2456 et
171 2390 208 2455 de
224 2391 384 2458 Aeschinis
407 2414 490 2460 more
513 2397 634 2480 proprio
657 2397 748 2462 nimis
772 2396 872 2462 securi
893 2397 1015 2462 fuerunt
1035 2416 1135 2481 neque
1158 2414 1226 2462 ora·

111 2497 190 2562 turis
213 2499 379 2565 sententias
410 2503 463 2566 aut
486 2501 613 2569 consilia
643 2522 679 2567 ea
704 2522 764 2586 qua
786 2522 862 2586 opus
885 2504 932 2568 est
955 2501 1226 2586 circumspectione

113 2606 147 2668 et
172 2608 313 2671 accurata
336 2607 577 2675 consideratione
600 2611 891 2693 perpensitaverunt.
939 2609 1021 2693 quod
1037 2628 1073 2675 ex
1090 2610 1177 2692 parte
1200 2608 1227 2672 si

113 2710 163 2774 dis
178 2710 312 2793 placebit
329 2714 474 2795 probabo.
506 2715 561 2780 sed
576 2716 654 2782 hanc
672 2716 708 2780 de
723 2715 1002 2798 interpretamentis
1019 2714 1227 2798 quaestionem

113 2815 142 2880 si
164 2819 246 2882 16616
270 2817 428 2886 instituere
451 2821 601 2899 volumus,
624 2822 705 2888 inter
720 2841 771 2888 eos
793 2822 876 2888 locos
892 2822 1055 2888 discrimen
1078 2821 1226 2886 faciamus

112 2941 238 2988 necesse
266 2926 313 2988 est
335 2925 390 2990 uhi
412 2926 534 2992 codices
557 2927 732 3011 discrepant
759 2929 791 2993 et
814 2947 866 2994 eos
890 2928 1000 3012 quibus
1029 2946 1135 2994 omnes
1156 2925 1227 2992 libri

112 3029 313 3112 manuscripti
336 3031 444 3096 eadem
458 3033 552 3098 verba
574 3033 725 3099 exhibent.
774 3037 806 3100 et
822 3033 961 3098 dissensu
984 3033 1108 3117 quidem
1130 3030 1226 3096 libro·

112 3153 192 3214 rum,
209 3135 272 3200 sive
289 3136 318 3200 ei
333 3138 498 3203 eorumdem
513 3140 674 3206 verborum
690 3139 846 3205 diversum
861 3139 998 3206 ordinem
1014 3138 1226 3214 exhibuerunt,

112 3241 176 3306 sire
203 3240 256 3305 alii
279 3242 340 3307 alia
354 3243 448 3309 verba
470 3244 671 3325 tradiderunt,
694 3245 774 3310 inter
796 3265 828 3311 se
852 3247 956 3311 tamen
971 3245 1084 3312 similia
1106 3246 1226 3329 616111-

112 3367 245 3430 611116,
274 3349 420 3416 Weidner
452 3353 615 3436 praecipue
650 3352 773 3425 talibus,
798 3354 874 3420 locis
898 3354 992 3420 verba
1025 3352 1158 3419 insiticia
1192 3352 1224 3416 in

188 3522 207 3590 ¹)
231 3523 264 3578 cf.
283 3524 362 3579 Halm
380 3523 439 3580 Act.
459 3543 497 3581 ac.
515 3527 579 3580 Bar.
600 3527 683 3592 1875,
702 3527 780 3581 111.
800 3528 847 3582 12:
876 3544 921 3592 „sc
940 3525 1005 3581 riele
1024 3525 1228 3596 31666611166111

113 3610 155 3666 (116
173 3614 201 3666 in
219 3611 313 3668 1611161
331 3615 383 3668 zeit
400 3613 521 3668 1111111161
536 3614 603 3684 jagd
621 3615 744 3683 gemacht
756 3614 852 3680 werde,
871 3632 933 3670 man
951 3615 1019 3670 auch
1037 3632 1084 3669 aus
1097 3614 1157 3670 dem
1168 3617 1225 3668 text

113 3698 158 3754 des
170 3700 313 3755 Aeschines
331 3703 381 3755 mit
399 3700 458 3756 dem
477 3701 549 3756 alten
568 3703 675 3757 Hieron.
692 3701 765 3757 Wolf
781 3702 835 3757 und
854 3705 904 3757 seit
923 3702 1019 3772 Taylor
1037 3703 1153 3758 cntiemt
1169 3702 1225 3768 1161,

113 3805 141 3843 66
160 3791 196 3844 ist
215 3789 298 3844 doch
317 3790 400 3845 noch
419 3791 490 3846 eine
508 3789 621 3845 lrleine
640 3791 796 3846 nachlese
814 3790 988 3846 verblieben“.
1009 3819 1043 3829 -

184 3883 206 3952 ’1
225 3886 257 3941 61.
276 3886 392 3941 Vahlen:
411 3887 520 3942 Aristot.
541 3890 611 3957 poet.
632 3887 681 3953 ed„
699 3907 725 3958 p.
741 3890 802 3943 199.
823 3917 856 3926 -

183 3980 206 4047 ⁸)
229 3985 260 4036 ut
283 3981 389 4038 valeant
419 3983 504 4038 adhuc
535 4001 602 4054 quae
627 4001 650 4039 a.
669 3985 739 4040 1866
763 3984 829 4040 dixit
851 3986 952 4041 Dahms
976 3988 1004 4040 in
1026 3984 1104 4040 Jahn.
1129 3983 1225 4040 annall.

112 4068 162 4125 rol.
175 4071 220 4135 93,
238 4088 264 4140 p.
277 4072 345 4125 221:
366 4073 432 4135 „Die
450 4070 536 4141 hlage,
556 4072 598 4127 (116
615 4073 761 4128 arraona
781 4075 809 4128 in
828 4075 914 4128 seiner
931 4073 1046 4142 ausgabc
1065 4073 1225 4129 (1611111161-

112 4158 175 4212 chea
192 4175 214 4212 a.
227 4159 292 4213 XXI
309 4159 466 4230 aussprach‚
489 4159 549 4215 dass
568 4157 610 4215 die
630 4161 770 4231 erklarung
788 4161 834 4216 des
853 4158 1001 4216 Aeschines
1019 4161 1074 4217 1661
1090 4163 1159 4217 noch
1176 4171 1224 4217 nb·

112 4249 180 4316 tiger
199 4249 237 4301 sei
255 4246 294 4302 als
313 4247 355 4302 die
374 4247 550 4313 emendation,
569 4250 605 4303 ist
622 4250 690 4304 auch
707 4250 786 4305 heute
803 4249 872 4306 noch
889 4249 1062 4318 begrdndet.“
1086 4280 1116 4292 -
