3128 5108
766 559 984 624 ..36-

327 740 364 806 ic
389 737 609 826 ἀρχαιρεσίαις
632 747 783 832 adiungit,
812 748 847 810 ut
869 747 921 812 ubi
950 746 1171 812 thesmothetae
1195 748 1275 812 sorte
1298 748 1352 810 aut
1375 765 1428 828 po·

325 854 415 937 pulus
432 853 585 936 suffragiis
600 853 795 938 magistratus
811 871 911 918 creare
928 853 1054 930 soleant,
1079 853 1249 917 stauratius
1265 851 1428 917 describat.

325 960 452 1025 eandem
468 959 505 1023 ob
522 977 642 1024 causam
659 954 677 1036 ἕ
695 961 733 1022 11
759 978 795 1023 ex
817 957 930 1023 verbis:
957 951 1065 1032 οἱμὲν
1085 950 1185 1033 φάσει
1199 953 1331 1035 μέτριοί
1344 948 1428 1014 εἰσιν

325 1065 435 1148 opponi
463 1065 496 1128 in
523 1064 716 1147 sequentibus
744 1064 819 1128 alios
852 1054 990 1141 ‚ditog“
1022 1063 1174 1128 modestos
1204 1063 1340 1129 conicere
1369 1083 1429 1128 uon

324 1170 407 1235 licet.
454 1189 525 1235 nam
548 1188 652 1235 revera
673 1169 805 1234 modesti
834 1168 957 1250 quidam
984 1171 1015 1234 et
1041 1169 1241 1235 immodestus
1264 1167 1429 1252 Ctesiphon

326 1283 529 1360 opponuntur,
558 1278 593 1340 ut
614 1294 720 1341 vocem
748 1267 848 1350 φάσει
879 1271 1043 1340 edomandi
1070 1293 1162 1339 causa
1189 1274 1341 1339 adiectam
1364 1294 1429 1340 esse

325 1384 478 1466 appareat.
516 1382 619 1464 itaque
634 1381 842 1458 Weidncrum,
867 1399 937 1444 oum
959 1380 1050 1444 verba
1074 1371 1110 1438 ἐν
1127 1375 1171 1455 τῳ
1187 1373 1327 1460 θεάτρῳ,
1354 1401 1430 1464 quae

326 1483 402 1565 §47
427 1491 496 1571 post
519 1479 577 1545 τὸν
601 1478 776 1564 ἀλλότριον
801 1483 965 1564 στέφανον
989 1486 1144 1570 leguntur,
1175 1485 1302 1563 deleuit,
1326 1505 1429 1551 veram

326 1593 481 1675 scriptoris
511 1613 636 1658 manum
669 1595 802 1656 mutasse
839 1590 1055 1656 contenderim.
1105 1611 1177 1655 sans
1212 1591 1429 1674 cogitationum

325 1701 412 1763 tenor
434 1701 465 1763 et
484 1698 601 1781 positus
623 1698 789 1781 particulae
812 1691 897 1777 μηδὲ
916 1698 1021 1761 vetant
1036 1697 1128 1761 verba
1149 1689 1233 1777 μηδὲ
1258 1688 1430 1778 κηρύττεσ-

328 1800 387 1863 θαι
412 1795 468 1860 τὸν
491 1797 665 1880 ἀλλότριον
689 1801 854 1882 στέφανον
885 1795 920 1860 ἐν
949 1797 995 1876 τῳ
1017 1795 1146 1879 θεάτρῳ
1175 1801 1208 1866 in
1236 1822 1303 1868 eam
1333 1803 1429 1885 aossipj

327 1910 524 1987 sententiam,
554 1912 588 1974 ut
610 1909 767 1993 legislator
794 1907 827 1972 in
848 1908 967 1974 theatro
990 1907 1214 1973 coronationem
1244 1909 1430 1990 pronuntiari

324 2016 464 2094 vetuerit,
494 2015 568 2080 alias
592 2034 662 2080 vero
686 2017 722 2079 ut
749 2014 836 2080 fieret
864 2012 1053 2079 concesserit.
1106 2013 1160 2077 sed
1188 2015 1326 2095 exempla
1354 2034 1429 2097 quae

325 2121 415 2187 modo
438 2122 633 2204 perlustravi,
658 2121 684 2185 si
706 2120 917 2203 respiciemus,
941 2119 1056 2184 verbis:
1081 2111 1117 2175 dc
1142 2115 1187 2194 τῳ
1210 2113 1337 2200 θεάτρῳ
1363 2140 1431 2186 ora-

325 2229 422 2290 torem
444 2245 503 2290 non
519 2224 765 2290 circumscribere
789 2225 949 2290 artioribus
971 2223 1092 2302 finibus,
1116 2223 1169 2288 sed
1185 2226 1356 2290 accuratius
1378 2227 1434 2291 ubi

326 2331 393 2396 fieri
408 2331 504 2396 soleat
525 2332 567 2410 id,
592 2331 671 2412 quod
688 2332 777 2395 antea
790 2331 901 2412 posuit,
926 2322 1174 2410 ‘septumum'
1202 2329 1324 2395 definire
1348 2331 1432 2396 dice-

304 2415 394 2502 'mus
418 2456 515 2519 neque
532 2455 550 2501 a
565 2455 634 2501 vera
650 2435 800 2500 sententia
815 2434 1031 2501 aberrabimus.
1054 2471 1094 2484 ——
1120 2435 1177 2500 hac
1194 2455 1285 2502 causa
1300 2436 1434 2500 refut-ata

328 2543 424 2607 restat
445 2525 554 2622 altera,
585 2561 645 2625 qua
666 2543 701 2605 ut
723 2542 819 2606 totam
843 2537 860 2618 ἓ
879 2543 942 2607 102
966 2543 1189 2607 conclusionem
1216 2562 1271 2624 pro
1298 2541 1434 2608 insiticia

328 2649 467 2728 haberet,
497 2647 637 2714 Schmidt
665 2649 835 2712 commotus
864 2650 918 2712 est.
971 2667 1039 2713 eam
1067 2648 1146 2712 enim
1175 2648 1251 2713 velis
1278 2648 1431 2731 remisque

329 2749 425 2831 §101
445 2754 543 2819 verbis
566 2772 732 2837 repugnare
755 2753 801 2817 uir
824 2753 930 2818 doctus
953 2755 1049 2836 putat,
1075 2772 1150 2836 quae
1175 2753 1371 2822 aWeidnero
1388 2753 1432 2817 sio

327 2862 409 2923 recte
432 2863 568 2924 correcta
589 2877 654 2923 esse
677 2857 789 2940 posuit:
826 2847 876 2916 ὅτι
899 2851 925 2916 δ’
949 2849 1060 2940 ἀληθῆ
1085 2854 1181 2934 λέγω,
1210 2849 1343 2933 ἀφελῶν
1372 2849 1431 2914 τὸν

329 2956 462 3042 κόμπον
493 2956 545 3023 καὶ
569 2956 624 3029 τὰς
646 2955 833 3035 ἀλαζονείας
857 2953 960 3020 αὐτοῦ
982 2959 1042 3024 τοῦ
1071 2959 1255 3038 κλέμματος
1277 2952 1381 3043 ἅψαι,
1410 2952 1433 3018 δ’

329 3059 482 3144 ὑφείλετο
507 3061 524 3128 ὁ
550 3061 668 3149 μιαρὸς
695 3060 750 3128 καὶ
772 3061 906 3134 dedoces
934 3061 1131 3148 ἄαθρῳποςε
1163 3089 1235 3134 nam
1264 3069 1430 3155 Aeschines

328 3173 440 3240 mirum
464 3172 642 3258 quantulus
663 3177 724 3241 102
746 3175 778 3239 id
800 3175 901 3258 ipsum
916 3175 1114 3242 Athenienses
1137 3176 1287 3241 audivisse
1310 3175 1430 3259 praedi-

329 3299 396 3344 care
412 3281 540 3360 videtur,
566 3280 645 3364 quod
668 3283 757 3348 antea
773 3280 792 3358 ἓ
811 3283 870 3345 101
890 3281 1016 3346 recitare
1033 3281 1163 3346 scribam
1177 3283 1323 3347 vetuerat.
1360 3301 1428 3366 ergo

330 3380 428 3462 §102
452 3386 490 3451 ad
514 3406 550 3451 aa
576 3387 726 3469 pertinere
753 3387 882 3464 videtur,
912 3406 988 3468 quae
1013 3387 1115 3452 omisit
1141 3389 1254 3465 scriba;
1289 3388 1321 3451 id
1351 3387 1428 3470 quod

329 3494 433 3556 tamen
454 3511 555 3556 moras
578 3494 669 3556 creat.
716 3496 875 3577 propterea
899 3492 1025 3556 delenda
1047 3492 1186 3557 videntur
1209 3487 1227 3570 ὃ
1247 3496 1308 3559 102
1329 3493 1427 3576 verba,

333 3616 515 3679 ,quaecum
538 3597 614 3662 nihil
637 3597 698 3663 sint
720 3599 779 3664 nisi
801 3598 900 3663 brevis
924 3597 1062 3679 repetitio
1078 3600 1110 3662 et
1124 3599 1291 3681 complexio
1316 3619 1429 3678 eorum,

330 3703 367 3767 ds
392 3702 500 3784 quibus
525 3704 624 3767 orator
647 3699 822 3780 §st—98
847 3704 1001 3786 exposuit,
1030 3703 1113 3769 facili
1134 3705 1253 3785 negotio
1283 3705 1354 3770 addi
1376 3725 1430 3788 po-

329 3810 451 3873 tuerunt
473 3812 601 3891 suntque
625 3811 660 3873 ut
674 3808 794 3873 videtur
816 3808 967 3873 arhetore
990 3809 1090 3892 aliquo
1114 3809 1227 3890 addita,
1252 3811 1303 3894 qui
1319 3813 1430 3878 subtile

329 3914 567 3996 contrapositum
582 3914 632 3978 hic
648 3914 764 3980 efficere
780 3907 903 3978 vellet“.
951 3914 1004 3978 sed
1020 3915 1063 3979 sio
1078 3901 1273 3982 ratiocinatus
1291 3917 1433 3983 Schmidt

329 4021 360 4084 ct
387 4018 547 4085 Aeschinis
577 4039 691 4087 morem
720 4020 853 4102 neglexit
885 4040 982 4103 neque
1010 4020 1083 4085 satis
1117 4022 1248 4103 respexit
1274 4023 1432 4090 Weidneri

332 4124 557 4205 correctionem,
584 4145 644 4210 qua
666 4126 782 4202 nititur,
805 4125 1037 4210 improbabilem
1060 4144 1124 4191 esse
1147 4146 1244 4209 posse.
1268 4159 1312 4168 -
1340 4131 1433 4212 atque

329 4230 429 4295 orator
451 4229 534 4322 nullo
557 4230 624 4295 loco
648 4231 782 4313 excepto,
807 4232 833 4296 si
861 4231 1083 4315 psephismata,
1112 4231 1210 4316 loges„
1238 4233 1360 4298 omuino
1383 4237 1433 4299 ta-
