3128 5108
764 569 984 632 -48-

328 747 404 814 οὔτε
433 747 509 832 περὶ
540 753 593 836 τῆς
620 747 783 830 ἐπιτιμίας
811 746 968 831 ἀγωνίζει.
1027 756 1152 822 alterius
1187 777 1257 822 vero
1287 757 1438 823 orationis
1544 821 1545 836 η

327 863 422 944 partis
455 863 591 928 membra
623 862 697 928 item
730 860 810 926 inter
844 879 876 925 se
903 879 979 928 nexa
1008 865 1078 926 sunt
1110 865 1199 945 atque
1234 863 1326 929 verba
1354 882 1436 946 quae

327 965 405 1040 §26
428 968 583 1051 leguntur:
608 960 717 1026 ἐκεῖνο
742 959 821 1042 ὑμῖν
846 959 1055 1036 ἐνδείξασθαι
1077 962 1241 1044 βούλομαι
1264 959 1314 1027 ὅτι
1331 959 1350 1026 ὃ
1366 962 1435 1042 μὲν

327 1071 577 1155 νομοθέτης...
602 1064 664 1132 οὐκ
687 1067 807 1151 ἐᾷ,,.,
836 1062 854 1130 ὁ
879 1065 915 1130 δὲ
939 1071 1184 1154 Κτησιφῶν...
1215 1066 1277 1132 οὐκ
1301 1065 1435 1154 ώκνησε

326 1173 451 1260 γράψαι
475 1177 689 1256 στεφανῶσαι.
737 1184 768 1245 et
790 1187 889 1251 orator
911 1185 943 1249 in
966 1183 1065 1250 verbis
1088 1172 1255 1255 ὁδ’ᾰχών
1280 1170 1340 1237 ortu
1363 1171 1432 1236 α’τί-
1545 1215 1546 1276 η

326 1302 429 1367 duwe
452 1287 633 1368 particulam
655 1285 717 1362 μέν
741 1288 779 1352 ad
803 1291 959 1373 sequentia
987 1290 1174 1373 spectantem
1203 1306 1256 1351 cur
1284 1285 1432 1363 emiserit,

326 1411 362 1457 ex
376 1392 477 1458 tetius
505 1392 647 1458 orationis
677 1391 773 1457 forma
796 1394 948 1460 elucescit.
977 1434 1021 1444 -
1049 1397 1184 1460 ceterum
1211 1392 1261 1456 hic
1285 1391 1364 1457 addc
1387 1391 1432 1454 si-

325 1497 439 1562 militer·
461 1499 566 1574 verba,
592 1517 667 1578 quae
692 1493 709 1575 θ
728 1499 790 1562 114
815 1500 928 1583 scripta
950 1501 1155 1566 inveniuntur:
1185 1488 1208 1578 ἢ
1229 1489 1349 1576 ἀνδρὸς
1372 1489 1431 1554 ἰδι-

325 1597 413 1662 ώτου
437 1593 638 1682 ἢδυνοὶστου
662 1593 825 1684 ἢπόλεως
847 1601 1171 1688 δημοκρατουμένης,
1193 1605 1231 1670 ab
1255 1605 1430 1670 Hamakero
1546 1639 1547 1662 r

326 1702 361 1789 (l.
377 1709 398 1774 l.
415 1730 444 1791 p.
466 1704 577 1792 ldsq.)
601 1710 633 1774 in
655 1709 734 1776 hunc
758 1712 896 1777 modum:
921 1702 944 1792 ἢ
965 1702 1085 1788 ἀνδρὸς
1107 1701 1240 1768 ἰδιώτου
1264 1702 1431 1788 η’πόλεως

326 1815 436 1879 iniuria
459 1817 609 1892 correcta,
635 1815 748 1898 dispari
771 1815 965 1883 distinctione
988 1819 1068 1882 inter
1090 1835 1121 1880 se
1145 1835 1210 1881 esse
1234 1815 1428 1900 emungenda,

325 1924 361 1986 ut
385 1920 483 2004 primo
506 1921 641 1986 membro
666 1920 725 1986 duo
748 1923 906 2004 sequentia
928 1943 988 1988 una
1004 1924 1201 2006 opponantur.
1241 1920 1427 2002 eandemque
1547 2003 1548 2012 η

326 2027 365 2093 cb
383 2046 506 2092 causam
529 2027 561 2091 id
586 2026 665 2110 quod
681 2030 728 2091 est
754 2020 1116 2109 ,δημοκρατουμένης“,
1142 2028 1212 2109 qnia
1234 2025 1366 2109 pertinet
1389 2026 1427 2090 ad

326 2125 501 2212 δυνάστου,
526 2151 586 2196 non
609 2131 647 2196 ad
671 2123 788 2210 ἀνδρὸς
812 2124 943 2192 ἰδιώτου
968 2126 1017 2213 (ut
1038 2129 1056 2211 ἕ
1076 2126 1163 2213 158),
1187 2131 1358 2198 necessario
1380 2151 1428 2195 re-

326 2239 464 2322 quiritur.
501 2238 671 2302 conferatur
693 2240 827 2302 ceterum
842 2239 952 2318 Adam,
977 2241 1029 2321 qui
1051 2240 1072 2303 l.
1088 2240 1110 2304 l.
1127 2259 1157 2322 p.
1177 2237 1272 2304 εισι
1287 2236 1426 2301 hocloco

325 2343 456 2410 disserit.
480 2375 523 2384 -

415 2448 514 2513 Simili
537 2449 672 2531 parataxi
695 2447 879 2531 simpliciore
902 2468 993 2531 quarn
1016 2448 1216 2515 laudabiliore
1239 2449 1340 2513 orator
1365 2446 1428 2512 uti-

324 2557 383 2635 tur,
408 2573 478 2620 cum
494 2548 512 2631 ἕ
530 2556 593 2620 164
616 2554 690 2620 talia
713 2554 801 2620 dicit:
826 2543 893 2612 ἄλλ’
917 2548 1051 2634 ἐπειδὴ.
1068 2608 1074 2622 .
1090 2604 1097 2618 .
1115 2545 1134 2612 0'
1151 2546 1211 2635 (δ’)
1228 2544 1430 2630 Ἀλέξανδρος

326 2646 366 2743 ἦν
390 2652 635 2741 ἀπειλημμένος
650 2654 687 2717 ἐν
704 2654 833 2738 Κιλικίᾳ
857 2652 991 2718 πάντων
1016 2654 1149 2741 ἐνδεὴς.
1165 2708 1172 2722 .
1187 2705 1206 2735 .,
1231 2651 1289 2738 την
1305 2651 1341 2716 δὲ
1366 2649 1428 2738 σὴν

324 2759 442 2850 ιἠδίαυ
466 2756 486 2847 ἡ
510 2759 605 2831 πόλις
621 2757 682 2826 οδκ
700 2760 814 2845 ἐχώρει
839 2755 892 2822 καὶ
915 2759 970 2832 τὰς
994 2759 1167 2832 ἐπιστολὰς
1188 2755 1227 2830 (ἐς
1250 2757 1430 2845 ἐξηρτημέ-

325 2889 383 2942 νος
411 2866 448 2929 ἐκ
475 2869 539 2928 τών
568 2867 736 2931 δακτύλων
766 2860 911 2961 περιῄεις
939 2865 1156 2931 ἐπιδεικνύειν
1186 2862 1251 2930 τισὶ
1279 2861 1316 2928 τὸ
1347 2861 1430 2945 ἐμὸν
1549 2863 1550 2868 ’

324 2972 506 3057 πρόσωπον
522 2968 564 3044 ὥς
587 2971 860 3062 ἐκπεπληγμένου
885 2970 938 3038 καὶ
961 2969 1195 3054 ἀθυμοῦντος.
1210 3029 1218 3042 .
1233 3020 1256 3053 .,
1280 2966 1352 3034 οὐδ’
1376 2968 1429 3032 ἐν-

325 3081 433 3144 ταῦθα
455 3080 596 3163 ἔπραξας
619 3075 716 3142 occa
742 3080 808 3144 κτλ.
860 3089 892 3152 at
919 3103 956 3148 nc
978 3084 1071 3148 verba
1093 3085 1283 3149 remanerent
1308 3081 1430 3146 indubi-

325 3193 399 3267 tata,
415 3191 510 3256 Halm
526 3182 560 3269 (1.
576 3191 598 3256 r.
615 3211 644 3274 p.
665 3192 705 3258 ιε
721 3210 750 3256 n.
766 3186 820 3273 τι)
838 3191 951 3257 aeteva
966 3176 1014 3270 ὅς,
1037 3190 1108 3270 quia
1122 3188 1250 3254 alicus:
1278 3178 1318 3266 „a
1335 3182 1429 3252 πιιις

326 3288 387 3356 οδκ
411 3289 608 3375 ἐχώρει...
633 3287 689 3364 τὰς
712 3290 887 3364 ἐπιστολάς
908 3319 936 3348 =
959 3296 1006 3360 die
1034 3293 1117 3359 stadt
1144 3313 1206 3357 war
1233 3294 1318 3358 nicht
1345 3311 1429 3378 grcss

325 3421 426 3488 genug
453 3402 502 3466 fir
525 3401 573 3466 die
604 3403 697 3468 bn'efe
725 3402 783 3466 mit
810 3403 906 3467 denen
930 3402 971 3467 du
995 3394 1224 3484 herumgingst“
1253 3398 1325 3480 quid
1348 3401 1429 3462 esset

325 3507 509 3591 perversius,
534 3507 660 3590 cogitari
682 3509 831 3591 nequiret.
878 3507 959 3589 qucd
982 3505 1123 3572 concedo.
1171 3504 1225 3569 sed
1249 3506 1350 3570 tamen
1374 3504 1429 3568 has

323 3613 467 3696 ineptias,
486 3631 572 3693 -qnas
596 3612 654 3678 sibi
677 3613 765 3678 finxit
785 3633 814 3678 v.
839 3614 884 3692 d,
910 3613 1033 3679 codices
1056 3611 1103 3676 illi
1126 3610 1250 3692 quidem
1274 3629 1334 3675 non
1357 3629 1428 3692 prc-

327 3718 409 3786 dunt.
449 3738 520 3783 nam
544 3719 637 3799 quid?
660 3737 758 3784 nonne
783 3721 847 3784 erat
861 3719 988 3797 Halmii,
1013 3735 1083 3782 cnm
1107 3716 1166 3780 duo
1190 3734 1256 3780 csse
1272 3716 1428 3792 statueret,

326 3843 402 3906 quac
431 3822 522 3889 verbo
550 3817 667 3904 ἐχώρει
697 3827 886 3908 regerentur,
922 3816 981 3904 τὴν
1011 3814 1074 3903 σὴν
1103 3811 1219 3902 υήδίαυ
1250 3839 1293 3884 sc,
1317 3823 1348 3885 et
1375 3813 1430 3886 τὰς

327 3923 514 4005 ἐπιστολάς,
542 3931 691 4012 quomodo
714 3931 864 4014 particula
887 3925 943 3988 καί
964 3933 1033 3994 ante
1057 3919 1113 3992 τὰς
1137 3920 1312 3992 ἐπιστολάς
1334 3926 1429 4008 expli-

326 4035 387 4100 cari
411 4039 464 4100 ant
485 4040 588 4118 posset
610 4038 663 4101 aut
686 4037 821 4114 deberet,
847 4036 1072 4101 demonstrare?
1119 4053 1188 4098 nam
1212 4032 1353 4113 quoniam
1377 4050 1430 4095 an-

325 4140 438 4206 tecedit
469 4133 531 4199 οδκ
554 4136 685 4224 ἐχώρει,
715 4142 858 4222 subsequi
889 4130 965 4198 ca'dla
994 4132 1052 4205 τὰς
1074 4133 1261 4219 ἐπιστολάς,
1289 4157 1349 4202 non
1378 4126 1431 4219 καὶ

317 4229 383 4314 ’τὰς
397 4239 573 4317 ἐπιστολάς
588 4249 754 4314 secundum
770 4245 920 4311 Graccum
936 4263 1106 4310 sermonem
1122 4245 1324 4327 expectamus.
1360 4260 1431 4306 ccn-
