3128 5108
565 553 785 618 ,47-

107 739 240 804 addere
264 759 330 806 seso
347 740 383 804 ds
399 757 452 805 suo
469 739 580 820 disant,
606 759 676 805 oum
700 745 799 806 vestra
820 741 906 807 vohis
922 736 1085 823 reddunt“,
1110 743 1233 808 refutari

105 843 204 920 §78
230 846 368 928 exemplo
390 863 450 910 non
472 845 572 910 minus
596 865 687 927 quam
711 847 764 924 eis,
795 847 832 912 de
856 847 966 929 quibus
997 847 1143 914 disserere
1172 850 1234 914 iam

106 952 296 1036 aggredior.
321 987 362 994 -
1291 1015 1293 1026 ,

214 1056 315 1139 Atque
338 1052 356 1134 ἕ
374 1058 437 1122 210
453 1056 618 1122 Aeschines
643 1059 777 1142 appellat
793 1058 1030 1126 Demosthenem
1054 1060 1100 1125 his
1116 1061 1233 1126 verbis:

107 1151 211 1230 ὅλως
233 1155 269 1220 δὲ
294 1159 326 1218 τί
347 1157 385 1219 τὰ
409 1155 548 1240 daugma·
572 1159 618 1230 τίς
642 1155 661 1245 ἡ
686 1157 825 1245 κραυγῆς
854 1159 900 1230 τίς
924 1154 940 1220 ὃ
967 1157 1064 1230 τόνος
1087 1162 1145 1247 τῆς
1168 1185 1233 1244 φω-

108 1264 200 1350 νῆς;
232 1260 293 1341 οὐχ
316 1259 334 1326 ὁ
359 1263 421 1343 μὲν
445 1262 505 1348 τὴν
530 1262 660 1351 γραφὴν
688 1264 821 1347 φεύγων
845 1261 913 1327 ἐστὶ
937 1268 1132 1352 Κτησιφῶν,
1165 1262 1182 1329 ὁ
1207 1264 1234 1329 δ’

110 1366 214 1450 (ἰγών
232 1366 293 1432 οὐκ
316 1367 473 1457 ἀτίμητος
498 1367 536 1433 σύ
555 1370 582 1433 δ’
600 1367 677 1434 οὔτε
700 1367 776 1454 περὶ
799 1373 860 1434 τοῦ
884 1370 1033 1450 σώματος
1056 1367 1134 1434 οὔτε
1158 1368 1234 1456 περὶ

111 1476 182 1562 τῆς
211 1470 324 1546 odocar
350 1472 428 1539 οὔτε
456 1473 532 1559 περὶ
567 1477 623 1561 τῆς
654 1475 818 1556 ἐπιτιμίας
851 1473 1022 1559 α’γωνίζει;
1057 1481 1090 1548 in
1125 1485 1233 1565 quibus

114 1587 234 1666 verba,
266 1606 342 1669 quae
369 1587 542 1669 interpretis
574 1607 676 1653 euram
704 1591 847 1672 posenni:
883 1579 952 1647 ὅδ’
975 1579 1061 1664 (ἰνῶν
1086 1579 1147 1648 οὐκ
1170 1580 1235 1648 α’τί-

113 1709 237 1774 μητος,
262 1693 359 1775 primo
377 1693 485 1758 obtutu
506 1694 549 1758 ita
565 1713 596 1758 se
612 1693 734 1771 habent,
758 1695 794 1758 ut
809 1694 955 1759 Weidner
977 1686 1069 1773 (eom.
1086 1695 1133 1759 ed.
1150 1695 1233 1779 Lips.

115 1799 163 1863 ad
187 1799 218 1862 h.
242 1792 279 1879 l.)
302 1817 368 1862 rem
392 1817 449 1864 aon
471 1799 609 1884 tetigisse
632 1800 784 1878 videatur,
815 1800 925 1882 quiea
949 1799 1107 1883 expungit,
1136 1801 1234 1882 ,quod

116 1904 204 1969 nihil
232 1903 291 1968 nisi
314 1904 501 1970 eontrarium
525 1897 659 1984 (verimti
683 1898 741 1985 se.)
765 1905 934 1990 significare
961 1907 1102 1987 possunt,
1128 1925 1235 1972 causae

118 2010 212 2074 illius
236 2009 477 2075 aestimationem
500 2011 617 2074 nullam
643 2011 794 2076 iudieibns
824 2011 1005 2094 permissam
1032 2007 1158 2076 fuisse“.
1205 2017 1235 2079 et

118 2135 162 2181 ne
188 2114 396 2199 sicquidem,
426 2117 461 2180 ut
487 2117 754 2201 „interrogativum
783 2107 846 2190 οὐχ
875 2118 943 2181 ante
968 2107 985 2174 ὁ
1009 2114 1071 2190 μέν
1100 2119 1235 2201 positum

120 2223 166 2286 ad
190 2211 208 2278 ὃ
234 2215 272 2279 δέ
294 2218 394 2286 animo
419 2215 632 2305 suppleamus¹‘
660 2223 757 2287 -id
782 2223 861 2305 quod
884 2224 987 2287 tamen
1004 2223 1149 2287 Weidner
1170 2224 1234 2288 fieri

120 2345 217 2409 posse
246 2329 338 2412 negat
365 2327 475 2392 iniuria
497 2332 533 2393 ut
554 2328 673 2393 videtur
689 2331 735 2371 '-
763 2328 929 2411 quidquam
952 2328 1140 2410 proficimus,
1166 2330 1236 2411 quia

122 2435 196 2498 tum
224 2432 317 2499 verba
345 2433 389 2497 rei
416 2433 491 2516 ipsi,
522 2433 574 2498 sed
604 2453 664 2498 non
692 2431 847 2514 seriptoris
875 2434 975 2498 sensui
1002 2436 1117 2517 parent.
1165 2454 1235 2500 nam

117 2537 238 2604 talibus
260 2539 360 2604 verbis
384 2542 492 2617 orator,
518 2539 570 2621 qui
593 2530 802 2618 Demostheni,
827 2558 881 2604 our
904 2542 1047 2617 maereat,
1070 2539 1147 2605 nihil
1170 2560 1235 2605 esse
1342 2565 1344 2570 ¹

119 2645 157 2708 in
181 2663 272 2709 oausa
295 2644 403 2710 dooere
431 2645 547 2725 studet,
578 2665 667 2710 sunm
694 2645 760 2727 ipse
783 2645 945 2711 eonsilium
973 2647 1169 2727 perverteret
1193 2683 1233 2690 -

120 2767 223 2832 neque
251 2751 354 2816 tamen
382 2750 474 2815 verba
497 2769 562 2816 esse
589 2749 722 2816 insitioia
750 2769 820 2814 eum
843 2749 1008 2816 Weidnero
1038 2751 1232 2831 orediderim;

119 2856 186 2918 imo
215 2873 250 2918 ea
272 2856 435 2938 genuinam
459 2856 606 2940 originem
633 2841 745 2922 habere
774 2859 827 2920 sat
851 2856 942 2922 oertis
970 2856 1157 2941 argumentis
1182 2858 1234 2922 de-

124 2959 292 3024 monstrari
321 2979 409 3044 posse
438 2961 564 3027 oonfido.
623 2964 714 3044 atque
742 2961 853 3026 omisso
882 2962 1050 3045 paullisper
1080 2963 1233 3028 enuntiato

123 3063 306 3131 addubitato
329 3067 494 3132 sententiae
518 3068 609 3147 duae,
640 3086 715 3150 quae
744 3070 874 3145 restant,
903 3067 983 3132 inter
1011 3087 1043 3132 se
1067 3067 1111 3132 sie
1138 3085 1232 3132 nexae

123 3171 206 3247 sunt,
229 3171 265 3234 nt
287 3173 383 3238 altera
402 3191 446 3250 ea,
470 3191 546 3254 quae
570 3193 604 3238 ex
627 3173 725 3257 priore
750 3174 974 3255 consequuntur
997 3175 1087 3256 atque
1111 3173 1234 3238 oonolu-

124 3275 247 3356 duntur,
272 3280 489 3344 contineantur.
537 3282 622 3362 patet
646 3294 716 3362 ergo
741 3278 886 3344 orationis
914 3277 1075 3361 bipertitae
1097 3278 1235 3344 membra

122 3399 323 3464 quamquam,
348 3387 383 3449 nt
404 3385 498 3468 paria,
523 3384 561 3449 ab
585 3387 703 3449 oratore
726 3403 780 3467 per
801 3381 863 3458 μέν
888 3387 919 3448 et
934 3378 971 3442 δέ
994 3383 1162 3462 ooniunota,
1187 3387 1234 3448 tae

122 3505 196 3550 men
217 3487 302 3557 inter
329 3509 361 3553 se
389 3489 522 3573 disparia
551 3509 617 3554 esso
652 3492 683 3554 et
716 3489 800 3572 prius
835 3491 934 3555 solnm
968 3488 1234 3574 interrogationem

125 3592 290 3658 continere.
337 3595 396 3658 hoo
416 3595 445 3668 ¹si
466 3597 621 3673 tenemus,
648 3594 741 3659 verba
762 3594 941 3677 interposita
964 3585 982 3651 ὁ
1006 3585 1035 3651 δ’
1059 3587 1148 3668 o’yuio
1172 3584 1250 3652 otia

123 3689 283 3778 «tremo,
305 3719 363 3765 non
387 3702 426 3765 ad
448 3701 715 3784 interrogationem
737 3700 849 3782 ipsam,
877 3700 930 3765 sed
953 3700 993 3764 ad
1016 3700 1143 3764 alteram
1167 3718 1234 3764 ora-

121 3805 216 3870 tionis
231 3807 349 3887 partem
373 3799 612 3886 (oonseoutivam
628 3807 662 3870 ut
677 3806 721 3870 ita
737 3801 850 3886 diuam)
873 3806 1023 3889 pertinere
1039 3803 1234 3870 manifestum

123 3911 181 3976 est.
221 3909 295 3974 haee
319 3929 391 3996 ergo
412 3911 524 3978 iterum
546 3911 718 3994 bipartitur.
760 3911 888 3994 denique
905 3911 999 3976 talem
1015 3910 1233 3976 sententiarum

125 4035 274 4080 eouexum
298 4035 363 4082 esse
385 4021 474 4101 puto:
499 4014 546 4084 τίς
568 4007 586 4074 ὁ
605 4009 701 4083 τόνος
723 4015 781 4098 τῆς
803 4013 932 4099 pordes
956 4007 1018 4089 οὔκ
1041 4006 1140 4093 ὅῑῆν
1160 4032 1234 4094 ypo-

125 4111 195 4202 φὴν
219 4115 352 4198 φεύγων
376 4115 445 4182 ἐστὶ
468 4116 669 4204 deponerem
691 4113 773 4180 ὥστε
796 4112 813 4181 o‘
838 4114 900 4196 pto
924 4111 1011 4197 oreo
1036 4111 1097 4180 oria
1121 4112 1246 4207 u’ao'prpj

125 4220 180 4296 τός
204 4219 282 4304 ἐστι,
306 4221 344 4285 σύ
359 4221 387 4286 δ’
409 4221 487 4288 οὔτε
511 4220 588 4308 περὶ
604 4224 663 4285 τοῦ
680 4221 830 4304 σώματος
854 4219 1104 4315 οὔτιιιερὶτῆς
1121 4217 1234 4300 οὐσίας
