3128 5108
574 577 839 645 ..51....

121 758 190 847 τὴν
222 760 328 847 κρίσιν
359 755 420 840 oo'x
448 756 632 844 ὑπομείνας
661 758 715 825 καὶ
749 757 938 844 ἀφικνεῖται
972 755 1019 831 εἰς
1046 758 1238 844 Βόσποροα

120 872 158 936 in
185 891 275 954 quem
298 874 425 939 modum
453 873 681 957 interpretanda
703 891 858 953 censeam,
891 872 1029 938 docuero.
1076 872 1241 938 nonenim

122 977 194 1043 sine
219 997 309 1044 causa
333 979 435 1061 aliqua
464 979 555 1044 verba
578 999 654 1063 quae
678 980 749 1044 sunt
776 971 925 1036 θανάτου
950 965 1240 1052 καταινωσθέντῡς

123 1075 251 1160 αὐτοῦ,
275 1084 386 1167 quippe
410 1103 487 1164 quae
511 1083 587 1149 velis
613 1085 766 1166 rerumque
789 1099 960 1166 repugnare
984 1083 1157 1150 viderentur
1186 1083 1239 1163 eis,

122 1209 206 1270 quae
230 1190 466 1272 subsequuntur:
492 1183 551 1270 τὴν
576 1186 683 1269 κρίσιν
707 1181 769 1264 οὐκ
792 1179 984 1265 ὑπομείνας,
1009 1209 1027 1254 a
1049 1189 1121 1255 viris
1144 1188 1241 1254 doctis

108 1297 158 1360 ,in
173 1295 395 1361 dubitationem
404 1298 511 1361 vocata
523 1299 602 1361 sunt.
625 1298 714 1378 atque
726 1294 841 1360 Bakius
854 1293 977 1376 quidem
990 1289 1022 1371 (1.
1035 1295 1056 1360 l.
1065 1315 1095 1377 p.
1110 1287 1240 1376 328sq.)

123 1404 160 1465 et
184 1401 329 1467 Weidner
352 1393 395 1482 (v.
418 1404 521 1466 tanuen
545 1400 592 1465 ed.
617 1401 701 1484 Lips.
726 1401 795 1466 adn.
813 1399 881 1466 crit.
905 1400 944 1465 ad
959 1400 990 1464 h.
1006 1391 1043 1480 l.)
1065 1399 1158 1465 uerba
1181 1396 1242 1457 θα·

124 1499 233 1564 νάιον
258 1504 547 1583 καταγνωσθέντος
575 1496 679 1564 αὐτοῦ
707 1527 777 1571 cum
806 1505 990 1589 exstirpant,
1018 1507 1118 1590 ipsam
1146 1505 1240 1570 offen-

37 1693 44 1708 ,
129 1613 227 1679 sionis
244 1632 348 1677 ansam
364 1612 511 1678 amovisse
527 1612 677 1678 videntur.
713 1631 809 1694 neque
831 1615 936 1677 tamen
950 1612 1044 1677 verba
1059 1611 1240 1677 addubitata

125 1721 184 1784 ant
206 1719 309 1800 spuria
330 1720 384 1783 aut
405 1719 507 1800 aliqua
529 1719 615 1800 parte
639 1716 803 1800 deprauata
826 1737 891 1782 esse
914 1717 991 1782 mihi
1013 1720 1239 1800 persuaserunt.

125 1844 197 1889 eam
221 1825 301 1888 enim
316 1824 472 1906 scriptoris
494 1822 727 1906 neglegentiam,
751 1842 843 1904 quam
858 1841 913 1906 per
927 1823 1087 1904 complura
1102 1823 1241 1905 exempla

126 1929 221 1995 modo
244 1932 421 2012 persecutus
444 1949 521 2008 sum,
546 1928 730 2010 culpandam
752 1949 818 1994 esse
841 1947 958 1995 censeo.
1005 1927 1059 1992 sed
1083 1927 1239 1994 videamus

126 2037 259 2120 singula.
317 2038 418 2101 orator
450 2033 556 2110 §169
579 2053 644 2116 sqq.
680 2033 811 2117 quinque
845 2033 1000 2117 popularis
1035 2033 1093 2099 uiri
1127 2033 1240 2098 indicia

124 2144 291 2226 postquam
318 2142 520 2219 enumeravit,
550 2139 870 2223 §nonsummum
899 2140 930 2203 et
957 2138 1088 2204 alterum
1116 2140 1148 2204 in
1176 2138 1239 2204 De·

125 2248 287 2314 mosthene
315 2267 389 2312 num
418 2247 542 2331 agnosci
570 2247 702 2329 possint,
732 2247 940 2328 perscrutatur
969 2243 1176 2326 sicquidem,
1204 2247 1240 2310 ut

126 2353 195 2418 eius
216 2355 345 2420 maiores
368 2372 424 2418 nec
446 2353 558 2418 liberos
580 2352 673 2417 fuisse
695 2372 752 2417 nec
775 2350 924 2434 profuisse
951 2349 1150 2431 reipublicae,
1179 2368 1239 2414 uno

127 2458 296 2542 eodemque
320 2457 484 2524 adversarii
512 2476 567 2522 avo
590 2477 663 2522 usus
692 2457 888 2522 demonstret.
936 2455 1011 2520 duas
1035 2473 1105 2538 ergo
1129 2452 1239 2518 miscet

126 2583 193 2642 res,
223 2583 351 2647 quarum
373 2581 449 2645 quae
477 2562 509 2627 in
538 2562 735 2646 dispositione
759 2559 858 2640 §169
883 2562 982 2645 priore
1009 2561 1077 2626 loco
1104 2559 1237 2643 ponitur,

124 2672 161 2736 in
176 2668 302 2753 Gylonis
325 2669 463 2751 exemplo
487 2669 525 2733 ad
547 2669 719 2734 inferiorem
743 2671 875 2734 aetatem
891 2687 983 2750 quam
998 2666 1094 2732 altera
1109 2666 1237 2748 spectat.

125 2776 230 2859 potuit
248 2776 328 2840 enim
351 2775 465 2852 orator,
495 2775 521 2838 si
543 2777 716 2858 temporum
738 2774 872 2839 solorum
899 2773 1049 2840 rationem
1070 2770 1237 2851 habuisset,
1329 2819 1334 2830 .

127 2883 174 2946 sic
208 2899 360 2946 enarrare:
397 2878 498 2962 Gylon
528 2880 607 2962 quod
635 2880 851 2964 Nymphaeum
885 2877 1025 2943 hostibus
1061 2877 1237 2956 tradiderat,

127 2987 229 3070 capite
253 2987 414 3052 damnatus
438 2989 485 3051 est
513 2976 602 3065 (haee
625 2987 764 3067 spectant
788 2984 827 3049 ad
850 2985 981 3050 alterum
1003 2982 1158 3066 popularis
1180 2983 1237 3047 ho·

126 3092 219 3158 minis
241 3084 413 3172 indicium).
459 3092 514 3157 sed
540 3091 689 3157 iudicium
715 3090 818 3172 ipsum
844 3109 905 3154 non
934 3091 1160 3171 expectaverat,
1184 3088 1239 3154 sed

128 3200 220 3263 antea
248 3197 369 3280 fugerat
396 3197 428 3261 in
450 3197 572 3278 Asiam,
601 3196 655 3263 uhi
679 3195 855 3280 Scythicam
881 3195 1042 3260 mulierem
1069 3193 1102 3259 in
1130 3193 1238 3259 matri·

126 3303 265 3368 monium
288 3303 388 3380 duxit;
424 3304 514 3385 atque
541 3303 653 3381 filiam,
689 3321 781 3385 quam
803 3321 876 3367 oum
904 3320 940 3366 ea
967 3300 1086 3384 genuit,
1121 3299 1237 3366 Demo·

127 3408 229 3474 stheni
250 3408 331 3491 patri
355 3408 439 3473 dedit
461 3401 550 3489 (haec
573 3409 612 3473 ad
633 3409 768 3492 primum
789 3407 937 3472 iudiciuin
960 3397 1136 3488 pertinent).
1184 3405 1238 3470 sed

127 3535 166 3579 ne
194 3513 399 3596 dispositionis
428 3513 566 3579 ordinem
593 3516 761 3597 pervertat,
789 3513 934 3578 nimirum
963 3530 981 3576 a
1010 3510 1137 3592 Gylonis
1165 3511 1238 3594 fuga

127 3619 251 3685 initium
279 3620 361 3703 capit
388 3621 418 3684 et
446 3637 496 3699 ea,
531 3638 607 3701 quae
635 3618 819 3684 antecedunt
852 3619 930 3683 hanc
964 3616 1069 3700 fugam
1102 3634 1237 3698 quaeque

128 3727 268 3808 spectant
297 3725 336 3790 ad
364 3726 491 3790 alteram
520 3723 726 3808 dispositionis
754 3727 887 3808 partem,
916 3725 952 3788 ut
979 3725 1093 3805 potest,
1121 3720 1236 3788 inserit.

128 3849 201 3915 ergo
230 3832 260 3895 et
283 3823 433 3889 θανάτου
458 3827 749 3905 καταγνωσθέντος
772 3822 875 3888 αὐτοῦ
903 3832 933 3893 et
962 3820 1022 3907 τὴν
1048 3822 1154 3906 κρίσιν
1175 3816 1238 3900 οὐχ

128 3928 313 4011 ὑπομείνας
340 3938 534 4021 requiruntur
561 3936 746 4016 necessario,
781 3936 837 4001 illa
865 3934 1002 4017 quidem,
1038 3932 1109 4015 quia
1137 3931 1238 4016 (tylon

127 4047 196 4108 tum
219 4042 356 4120 demum,
386 4062 457 4108 cum
478 4042 696 4107 condemnatus
725 4045 787 4116 est,
816 4060 921 4105 revera
948 4038 1128 4123 proditionis
1151 4057 1237 4104 coar-

127 4151 219 4234 gutus
243 4150 299 4228 est,
322 4148 398 4214 haec
420 4167 506 4228 vero,
536 4147 617 4229 quod
638 4147 721 4213 idem
744 4147 791 4212 vir
814 4146 923 4230 capitis
947 4144 1166 4210 condemnatus
1188 4145 1237 4208 ta

127 4271 199 4319 rnen
226 4253 258 4318 in
284 4251 358 4318 Asia
386 4252 561 4338 Scythicam
589 4273 714 4318 uxorem
747 4252 794 4317 uti
828 4251 952 4317 duceret
986 4248 1137 4408 (ἒιῖιαιοαο
1171 4247 1238 4312 fieri
