3128 5108
780 546 1000 610 „22-

342 719 426 808 (inde
450 747 468 794 a
490 726 511 804 ξ
531 722 609 811 129)
636 730 875 798 Demosthenem
902 731 989 814 quusi
1018 734 1174 798 auctorem
1200 730 1340 814 pubheae
1363 729 1449 794 cala-

340 832 457 900 mitatis
485 825 623 917 (pugnae
647 828 883 914 Chaeronensis)
913 836 1051 902 moechus
1078 837 1148 902 inde
1172 855 1191 901 a
1213 833 1232 910 ἓ
1252 836 1329 912 132,
1358 836 1394 900 ut
1417 835 1450 898 et

342 939 509 1005 orationem
536 940 704 1023 amplificet
731 943 762 1006 et
790 942 978 1008 audientium
1006 943 1122 1006 animos
1149 941 1309 1016 sollicitet,
1344 940 1449 1022 paullo

341 1047 462 1130 longius
490 1047 674 1129 digreditur,
708 1049 786 1114 hauc
815 1051 944 1114 aetatem
979 1050 1202 1131 ,portentosam
1237 1047 1274 1111 ob
1309 1046 1449 1110 fortunae

342 1152 566 1220 vicissitudines
590 1157 620 1220 et
642 1155 852 1221 incredibilem
875 1157 975 1222 visum
994 1155 1032 1221 iri
1054 1148 1288 1238 posterioribns“
1314 1173 1368 1236 per
1388 1153 1449 1217 tria

345 1259 485 1340 exempla
512 1258 683 1336 illustrans,
713 1261 745 1324 et
766 1261 846 1345 regis
868 1261 1030 1326 Persarum
1060 1263 1091 1324 et
1119 1281 1154 1325 ox
1178 1259 1302 1326 Graecis
1326 1258 1449 1323 Theba-

341 1382 450 1430 uorum
478 1367 567 1447 atque
594 1365 911 1432 Lacedaemoniorum.
958 1369 1047 1448 atque
1073 1366 1127 1431 illo
1159 1365 1281 1447 quidem
1309 1364 1447 1445 exemplo

341 1470 385 1535 ita
414 1469 524 1548 utitur,
553 1474 587 1536 ut
609 1473 690 1556 regis
714 1471 876 1536 Persarum
904 1471 1128 1555 superbissimi,
1159 1471 1270 1554 quippe
1299 1469 1350 1552 qui
1372 1469 1448 1534 fines

342 1574 490 1641 humanos
512 1579 718 1660 transgressus
742 1579 791 1655 sit,
814 1598 862 1643 res
878 1578 1014 1643 funditus
1030 1596 1150 1643 eversas
1166 1595 1230 1642 esse
1246 1577 1335 1658 plane
1357 1577 1447 1657 atque

342 1681 525 1764 simpliciter
548 1689 680 1761 enarret;
709 1687 784 1752 haee
811 1705 881 1750 vero
911 1685 1097 1752 Graecorum
1125 1684 1263 1766 exempla
1285 1683 1372 1747 affert
1393 1681 1446 1756 ita,

340 1789 377 1852 ut
393 1790 515 1871 culpam
542 1810 656 1867 eorum,
681 1811 865 1873 quamquam
887 1791 1040 1874 patefacit,
1065 1794 1166 1855 tamen
1194 1809 1239 1867 eo,
1263 1788 1343 1880 qaod
1359 1807 1446 1853 suum

341 1893 437 1976 ipsius
466 1895 560 1961 adicit
582 1897 656 1962 mite
679 1897 842 1972 iudicium,
871 1896 1006 1962 minuere
1030 1898 1121 1976 atque
1145 1913 1286 1960 excusare
1310 1894 1445 1959 studeat:

342 1999 481 2064 Thebani
503 2000 584 2064 enirn
607 2001 771 2083 perniciem
800 2001 859 2066 sibi
886 2003 1081 2084 paraverunt,
1111 1991 1140 2056 εἰ
1164 1989 1218 2056 καὶ
1240 1992 1371 2062 δικαίως
1384 2047 1390 2062 .
1405 2044 1413 2060 .
1429 2047 1446 2077 .,

343 2095 423 2164 ἀλλὰ
436 2099 495 2186 τήν
510 2122 543 2182 γε
560 2101 778 2185 θεοβλάβειαν
795 2098 848 2164 καὶ
864 2099 924 2188 τὴν
940 2097 1135 2186 ἀφροσύνην
1153 2095 1215 2164 οὐκ
1230 2095 1449 2182 ἀνθρωπίνως

341 2202 422 2269 ἀλλὰ
448 2205 627 2286 δαιμονίως
651 2205 860 2292 κτησάμενοι,
885 2214 916 2276 et
930 2209 1165 2276 Lacedaemonii
1186 2203 1448 2290 προσαψάμενοι

341 2310 449 2390 μόνον
474 2308 598 2373 τούτων
615 2313 680 2373 τῶν
696 2310 893 2395 πραγμάτων
918 2309 952 2386 ἐξ
967 2307 1069 2396 ἀρχῆς
1091 2306 1168 2390 περὶ
1190 2306 1250 2397 τὴν
1273 2311 1334 2374 τοῦ
1357 2311 1450 2394 ἱεροῦ

343 2415 543 2503 κατάληψιν.
581 2422 614 2486 id
637 2423 718 2504 quod
733 2425 833 2488 orator
856 2422 893 2487 de
908 2421 1156 2488 Lacedaemoniis
1172 2422 1256 2499 dicit,
1281 2423 1450 2488 accuratius

342 2529 435 2594 velim
458 2528 665 2610 respiciamus.
701 2548 797 2611 neque
821 2528 849 2594 ei
871 2527 970 2593 verbis
992 2518 1253 2606 προσαψάμενοι
1275 2519 1447 2600 μόνον...

343 2628 378 2706 ἐξ
401 2626 491 2715 άχῆς,
515 2635 535 2700 i.
553 2655 579 2699 e.
608 2634 810 2717 ,attingentes
832 2633 1043 2700 tautummodo
1059 2633 1098 2698 ab
1114 2627 1232 2712 initio“,
1257 2634 1366 2715 quibus
1391 2653 1450 2716 quo
1546 2663 1547 2726 3

289 2783 293 2792 -
344 2741 455 2825 gradu,
480 2758 539 2821 qua
561 2739 677 2804 ratione
700 2739 864 2821 participes
887 2739 999 2805 fuerim
1020 2738 1149 2816 iudicat,
1179 2757 1233 2822 suo
1256 2739 1320 2804 iure
1343 2741 1389 2805 uti
1411 2740 1450 2803 li·
1546 2733 1547 2746 ¹

342 2847 447 2925 cebet,
485 2845 511 2908 si
538 2847 683 2927 quautam
711 2848 831 2927 partem
864 2844 1042 2911 habuissent
1074 2843 1105 2908 in
1132 2863 1164 2908 re
1196 2844 1232 2909 dc
1263 2865 1322 2926 qua
1349 2846 1450 2930 agitur

343 2951 528 3034 Spartiatae,
557 2951 648 3033 vulgo
678 2951 741 3016 sine
771 2949 834 3014 ulla
861 2949 1047 3015 constitisset
1075 2949 1271 3016 dubitatione.
1318 2952 1375 3017 hoo
1403 2955 1451 3016 te-

342 3057 477 3123 nendum
500 3060 556 3123 est.
595 3057 657 3121 iam
679 3075 749 3120 oum
777 3056 849 3137 quid
871 3055 996 3121 tandem
1020 3055 1129 3120 debeat
1151 3056 1298 3140 intellegi,
1323 3075 1449 3139 quaera-

341 3183 425 3242 mus,
456 3163 577 3229 uonnisi
598 3164 652 3227 aut
673 3159 824 3227 Cadmeae
849 3163 901 3225 aut
923 3160 1032 3242 templi
1054 3159 1197 3243 Delphici
1220 3163 1449 3245 occupationem

341 3273 493 3337 oratorem
514 3273 638 3354 tangere
661 3287 716 3351 por
738 3267 904 3333 Diodorum
929 3259 1016 3349 (XVI
1032 3270 1090 3345 24;
1116 3261 1172 3350 63)
1196 3271 1323 3334 constat.
1371 3270 1449 3352 quod

343 3395 415 3442 vero
435 3373 602 3441 Cadmeam
623 3372 856 3440 Lacedaemonii
880 3376 982 3456 aperte
1005 3375 1038 3439 in
1061 3377 1195 3440 omnium
1212 3379 1375 3458 conspectu
1399 3395 1448 3441 oc-

343 3486 506 3566 cuparunt,
530 3483 622 3548 verba
643 3483 813 3557 Aeschinis,
839 3483 864 3546 si
888 3480 924 3546 de
947 3482 1005 3546 hac
1027 3502 1068 3558 re,
1095 3501 1170 3564 quae
1193 3483 1277 3547 nullo
1299 3482 1448 3565 praesidio

343 3593 464 3674 poterat
478 3591 551 3676 tegi,
574 3590 723 3655 iudicium
739 3590 936 3668 continerent,
960 3589 1079 3654 nonnisi
1101 3609 1156 3671 per
1178 3589 1344 3654 ludibrium
1368 3588 1449 3654 diota

342 3695 443 3778 putari
466 3700 603 3778 possunt.
639 3715 715 3778 quae
739 3696 888 3762 sententia
910 3697 948 3762 ab
972 3697 1098 3761 oratoris
1122 3696 1247 3762 ccnsiho
1271 3699 1319 3761 est
1341 3696 1447 3760 aliena

330 3797 480 3868 attamen
497 3803 655 3869 audientes
666 3802 840 3868 Dobraeum
857 3793 890 3882 (l.
904 3803 924 3866 l.
943 3821 973 3883 p.
988 3799 1066 3876 344)
1083 3804 1114 3866 et
1124 3802 1324 3867 Weidnerum
1340 3792 1447 3882 (edd),

345 3907 397 3989 qui
419 3907 520 3973 verbis
544 3899 621 3984 περὶ
644 3899 704 3980 τὴν
732 3904 790 3965 τοῦ
812 3903 908 3985 ἱεροῦ
931 3902 1118 3988 κατάληψιν
1149 3907 1258 3973 deletis
1280 3908 1358 3971 hanc
1382 3926 1448 3971 ora-
1543 3959 1544 3962 ,

344 4010 459 4076 tionem
483 4013 644 4096 genuinam
667 4012 818 4077 iudicant:
843 4007 1105 4094 προσαψάμενοι
1120 4007 1226 4086 μόνον
1243 4003 1369 4070 τούτων
1386 4007 1448 4068 τῶν

345 4109 542 4198 πραγμάτων
565 4113 598 4189 ἐξ
613 4109 724 4198 ἀρχῆς,
749 4136 854 4183 revera
876 4117 1026 4185 Cadmeae
1050 4120 1278 4202 occupationem
1300 4120 1336 4182 ut
1357 4117 1448 4182 intel-

344 4224 482 4308 legamus
506 4226 694 4290 adducimur.
735 4244 806 4289 nam
829 4226 921 4291 verba
945 4219 1069 4284 τούτων
1086 4221 1150 4280 τῶν
1167 4215 1368 4303 πραγμάτων
1391 4241 1448 4287 non
