3128 5108
783 510 982 564 „g-

331 692 457 760 antona
480 694 572 758 verba
593 711 652 759 non
674 694 873 776 recuperavit,
898 694 924 758 si
947 693 1070 776 quidem
1091 691 1324 773 inscriptionum
1347 707 1448 755 nave-

330 797 409 864 lium
423 798 598 864 testimonio
615 801 734 864 constat
756 799 827 864 illos
842 800 1039 882 magistratus
1061 801 1135 862 tunc
1150 796 1296 879 temporis
1312 795 1448 861 Athenis

332 921 393 969 non
418 897 560 982 νεωροίς
582 896 705 986 sedsaut
729 897 806 972 τοὺς
822 899 886 960 ταῖν
903 899 1050 980 νεωρίων
1067 894 1266 984 ἐπιμελητὰς
1288 904 1342 967 aut
1365 892 1449 965 τοὺς

331 1001 368 1066 ἐν
386 1012 454 1075 τοῖς
471 1005 621 1089 νεωρίοις
637 1000 798 1088 ἄρχοντας
815 999 1001 1090 (ἄρξαντας)
1024 1009 1193 1092 appellatos
1215 1009 1307 1073 fuisse
1316 1000 1348 1088 1),
1384 1007 1446 1071 hoc

332 1134 450 1199 quoqne
466 1115 558 1181 velirn
575 1115 753 1198 respiciatur
775 1134 834 1180 uno
850 1118 933 1180 certo
946 1115 1035 1181 titulo
1057 1116 1137 1180 hunc
1153 1115 1378 1198 magistratum,
1402 1133 1444 1175 ne

330 1221 498 1287 recentiore
514 1220 636 1303 quidem
654 1225 765 1298 aetate,
790 1239 849 1286 non
865 1220 1026 1303 designari,
1051 1221 1083 1285 id
1105 1221 1187 1304 quod
1203 1241 1239 1284 er
1259 1221 1349 1285 inscr.
1366 1219 1445 1284 XVI

332 1345 411 1391 enno
440 1322 564 1400 323122
599 1326 731 1409 ascripta
760 1326 870 1392 elucet.
906 1357 949 1366 -
983 1326 1121 1391 Andreas
1156 1329 1258 1390 autern
1294 1324 1443 1389 Weidner

334 1423 460 1510 (comm.
484 1432 531 1499 ed.
557 1431 639 1497 Ctes.
662 1431 746 1513 Lips.
770 1431 809 1496 ad
832 1432 863 1496 h.
888 1424 924 1513 l.)
955 1432 1136 1497 scholiastae
1168 1431 1268 1496 verbis
1291 1431 1374 1496 hisce
1399 1421 1439 1486 τὰ

333 1530 433 1617 σκεύη
457 1528 693 1613 ἀποδέχεσθαι,
718 1529 755 1594 τὰ
774 1530 895 1613 νεοίριο
911 1530 1049 1616 ἐφορᾶν,
1075 1529 1130 1605 τὰς
1146 1527 1246 1602 ὁδοὺς
1269 1537 1380 1593 ποιεῖν
1404 1528 1442 1592 ἐκ

332 1639 396 1700 τῶν
413 1637 588 1723 χρημάτων
605 1633 841 1708 ἀναλίσκοντας
864 1644 990 1709 verbum
1013 1643 1163 1708 excidisse
1187 1642 1346 1718 adductus,
1371 1660 1442 1706 curn

334 1742 465 1827 ἐφορᾶν
493 1747 549 1826 „ab
573 1749 629 1813 hac
654 1748 873 1834 significatione
897 1743 1045 1814 alienam“
1072 1749 1230 1827 iudicaret,
1256 1748 1442 1813 correctione

336 1855 428 1920 nimis
444 1855 578 1920 violenta
600 1874 769 1937 parumque
793 1854 942 1937 probabili
965 1853 1093 1920 oratoris
1108 1854 1202 1920 verbe
1223 1855 1255 1919 in
1278 1855 1359 1919 hunc
1375 1872 1444 1918 mo·

333 1960 406 2026 dum
430 1961 575 2025 correxit:
605 1943 709 2042 ἦρχον
737 1953 856 2040 δὲτὴν
885 1956 950 2016 τῶν
978 1952 1185 2034 ἀποδεκτῶν,
1214 1950 1269 2017 καὶ
1297 1953 1444 2036 νεωρίων

333 2058 583 2140 ι’ὲπεμίλονιο
620 2056 673 2124 καὶ
702 2060 915 2147 σκευοθήκην
945 2055 1151 2141 ᾠκοδόμουν.
1209 2065 1319 2131 omitto
1353 2065 1444 2130 scho-

333 2171 441 2236 liastae
463 2171 494 2235 in
512 2172 602 2236 rebus
625 2172 664 2236 ad
678 2172 910 2237 Atheniensium
934 2191 999 2236 rern
1015 2172 1169 2254 publicem
1185 2170 1350 2255 gerendam
1372 2190 1444 2253 per-

334 2276 504 2342 tinentibus
526 2296 586 2341 non
609 2295 752 2362 magnam
780 2277 872 2341 fidem
896 2296 975 2342 esse:
1011 2277 1044 2341 id
1066 2277 1147 2360 quod
1169 2297 1205 2342 ex
1228 2277 1354 2342 confusa
1376 2276 1443 2340 eius

334 2382 372 2449 de
394 2383 573 2465 prytanibus
595 2383 766 2448 narratione
791 2383 952 2468 colligitur.
1000 2383 1054 2448 sed
1078 2383 1159 2466 quod
1181 2382 1302 2467 gravim
1325 2383 1380 2460 est,
1406 2401 1443 2446 er

333 2487 517 2555 scholiastae
547 2488 723 2555 testimonio
752 2487 900 2554 iudicium
928 2491 1030 2572 petere
1062 2489 1098 2554 de
1129 2489 1270 2554 accurata
1299 2487 1443 2553 orationis

333 2593 432 2660 torma
453 2595 578 2660 minime
602 2594 676 2659 licet
690 2613 759 2660 earn
774 2596 813 2661 ob
830 2614 963 2671 causam,
989 2593 1069 2676 quod
1083 2594 1132 2658 hic
1149 2593 1314 2676 apodectae
1332 2591 1440 2675 quihus

334 2699 442 2765 officiis
455 2700 541 2786 fungi
557 2700 684 2778 soleant,
709 2703 876 2780 enumerat,
900 2700 1024 2765 minime
1040 2719 1111 2765 vero
1127 2698 1194 2782 ipsa
1208 2698 1335 2764 oratoris
1350 2697 1442 2763 verba

335 2807 567 2872 commentando
595 2807 731 2871 illustrat
739 2798 775 2886 ¹).
825 2805 859 2869 id
888 2805 968 2887 quod
995 2807 1096 2871 elucet
1123 2825 1159 2869 er
1186 2804 1287 2871 verbis
1322 2804 1370 2869 his
1404 2795 1440 2859 τὰ

335 2905 439 2994 σκεύη
453 2903 680 2986 ἀποδέχεσθαι
693 2915 725 2978 et
740 2905 796 2978 τὰς
808 2905 1011 2989 λειτουργίας
1023 2902 1259 2985 ἀποδέχεσθαι,
1276 2910 1349 2993 quid
1362 2910 1442 2995 quod

336 3019 471 3096 navalia,
502 3038 578 3102 quae
601 3019 665 3084 iam
688 3020 806 3098 extant,
836 3036 895 3083 non
924 3020 996 3083 sunt
1018 3017 1147 3083 dicenda
1175 3009 1295 3092 νεοίρια
1323 3017 1377 3082 sed
1404 3008 1441 3072 cd

335 3119 456 3203 νεώρια
470 3116 523 3206 (cf.
536 3124 646 3190 Kaibel
659 3125 764 3192 Herm.
781 3127 831 3204 17,
844 3116 934 3206 409).
964 3124 1092 3207 denique
1105 3126 1140 3189 ut
1150 3124 1227 3188 hanc
1240 3122 1443 3188 coniecturam

408 3319 429 3387 ¹)
448 3321 554 3376 Boeelrh
573 3321 710 3385 „Attisehe
729 3322 926 3377 seeurlrnnden“
945 3340 970 3392 p.
985 3324 1029 3387 51,
1042 3322 1091 3387 52;
1109 3322 1168 3377 ride
1186 3324 1263 3377 inscr.
1282 3322 1296 3376 I
1315 3338 1331 3376 a
1348 3321 1445 3376 lemma

335 3407 372 3476 (oi
391 3409 526 3480 ἄρχοντες)
546 3407 582 3476 iv]
604 3417 660 3470 ιοίς
677 3413 806 3482 νεωρίοις,
831 3413 908 3465 inser.
928 3411 992 3465 XVI
1011 3412 1027 3464 6
1046 3409 1080 3474 (a.
1100 3409 1212 3476 323122)
1231 3428 1255 3464 v.
1270 3411 1322 3464 139
1347 3414 1392 3464 ἐὰν
1418 3415 1444 3463 or

337 3505 363 3552 ol
384 3499 434 3550 τῶν
457 3500 569 3568 νεωρίων
592 3501 768 3570 ἄρχοντες...
791 3501 826 3569 μὴ
851 3497 1055 3570 ἀναγράφουσιν,
1072 3501 1149 3553 inser.
1170 3499 1227 3553 Xe
1251 3497 1343 3569 (usque
1367 3499 1402 3554 ad
1419 3516 1443 3553 a.

336 3582 448 3651 342l41)
466 3603 490 3639 v.
505 3585 557 3639 145
575 3583 721 3655 Ἀμυθέων
734 3583 894 3656 Εὐωνυμεύς,
912 3590 1023 3659 νεωρίων
1042 3587 1195 3658 ἐπιμελητὴς
1211 3588 1357 3658 γενόμενος,
1376 3588 1444 3642 XIb

337 3675 370 3740 (a.
391 3673 503 3741 330129)
522 3692 546 3730 v.
560 3676 595 3729 35
618 3680 662 3728 καλ
682 3674 699 3730 ὅ
718 3676 902 3746 παρελάβομεν
926 3677 1001 3747 παρὰ
1023 3680 1133 3747 νεωρίων
1152 3677 1324 3747 ἐπιμελητῶν,
1345 3677 1444 3732 ΧῙΠο

337 3767 371 3830 (a.
386 3764 493 3831 326l25)
512 3765 560 3830 snb
579 3767 654 3835 signo
674 3763 712 3832 (h)
731 3769 792 3836 post
804 3784 828 3820 v.
844 3767 896 3820 110
916 3764 1049 3838 [νεωρίω]ν
1068 3763 1246 3836 ἐπιμεληιιλ[ν]
1265 3768 1292 3820 eb
1312 3763 1445 3840 [νεω]ρίων

338 3849 534 3922 Exspectabam}
557 3881 591 3890 -

408 3941 429 4006 ’1
448 3959 478 3996 ex
497 3941 580 3996 altera
598 3945 686 4011 parte,
711 3944 733 3996 si
750 3941 853 4007 liceret,
876 3943 903 3998 id
922 3944 992 4012 quod
1011 3961 1091 4013 nego,
1110 3944 1234 3998 Weidner
1261 3961 1315 3998 non
1334 3942 1446 3997 debebat

338 4032 404 4095 satis
427 4030 523 4085 habere
546 4031 595 4085 hoc
614 4048 695 4084 unum
719 4031 827 4084 verbum
845 4049 876 4085 er
894 4031 1034 4087 scholiasta
1057 4034 1196 4086 inseruisse
1214 4033 1242 4086 in
1261 4033 1372 4087 oratoris
1390 4035 1445 4085 tex-

338 4122 408 4173 tilm:
427 4119 506 4172 immo
526 4135 592 4187 quae
613 4117 799 4188 responderent
817 4119 902 4172 verbis
921 4122 970 4180 τὰς
989 4121 1153 4188 λειτουργίας
1171 4119 1233 4188 risui
1253 4120 1332 4186 οκείη
1350 4117 1446 4174 sinodi·

335 4213 445 4278 χεσθαι,
464 4208 529 4261 item
547 4211 623 4279 erant
641 4207 786 4262 inserenda.
809 4235 840 4242 —
