3128 5108
757 559 981 621 -14-.

320 745 405 808 nervi
428 746 549 810 oratorii
573 749 780 830 perseoentur,
806 745 886 828 quod
909 748 1012 812 tamon
1034 746 1197 812 verborum
1220 741 1430 810 enarrantium

227 860 230 865 ’
320 845 481 933 palea(nt
502 851 547 918 ita
571 845 686 933 diuam)
708 869 804 935 paene
827 852 974 918 obruitur
1015 851 1095 935 quod
1117 850 1202 917 idom
1225 850 1309 916 eadit
1294 850 1364 916 tin
1385 849 1428 927 id,

322 957 402 1076 qnod
419 977 454 1023 er
478 959 536 1024 hae
558 959 623 1024 tota
646 959 907 1040 argumentatione
924 961 1025 1024 orator
1040 957 1158 1024 effioere
1173 961 1204 1023 st
1189 957 1294 1023 tardet
1320 949 1429 1014 tasson
1545 959 1546 970 ¹

322 1052 401 1138 ὑμῖν
425 1056 633 1134 ἐνδείξασθαι
661 1055 871 1141 βούλομαι”
849 1081 899 1122 οτι
914 1115 921 1129 ,
937 1113 966 1129 ,,
1003 1060 1181 1146 Κτησιφῶν
1205 1058 1430 1144 Δημοσθένην

321 1161 380 1227 τὸν
405 1162 589 1250 συλλήβδην
616 1159 745 1234 ἁπάσας
774 1162 830 1235 τὰς
851 1159 1034 1251 Ἀθήνησιν
1063 1160 1166 1248 ἀρχὰς
1195 1159 1340 1248 ἄρχοντα
1369 1157 1431 1225 οὐκ

321 1265 450 1353 ὤκνησε
479 1266 606 1354 γράψαι
635 1270 844 1352 στεφανῶσαι
856 1266 888 1355 ¹).
935 1293 1011 1357 quae
1038 1271 1066 1338 si
1094 1276 1176 1338 route
1199 1271 1338 1355 exposui,
1368 1291 1429 1340 non
1546 1303 1547 1314 ι

322 1383 368 1445 ost
392 1399 447 1448 unr
469 1381 635 1447 aDobraoi
659 1382 832 1448 ooniootora
847 1382 1034 1462 resedamus,
1059 1399 1120 1464 qua
1134 1383 1261 1447 verbum
1281 1399 1317 1447 ex
1333 1380 1429 1447 ditto-

323 1488 450 1572 graphia
472 1489 689 1572 interpolatum
710 1491 865 1554 resecatur
887 1491 919 1554 et
942 1487 1108 1571 probabilis
1131 1490 1163 1553 et
1185 1489 1281 1554 oratio
1304 1491 1335 1553 et
1359 1503 1431 1553 sen·

322 1595 418 1660 tentia
432 1594 612 1660 restituitur.
630 1625 673 1636 -
690 1594 753 1659 iam
771 1593 854 1658 satis.
882 1593 1035 1677 duplioem
1052 1612 1123 1658 sero
1140 1593 1325 1676 quaestionis
1340 1594 1430 1659 huius
1547 1643 1548 1668 ,

321 1701 454 1766 frustum
478 1700 595 1783 sepisso
619 1701 694 1766 mihi
716 1701 829 1766 videor.
876 1719 936 1764 non
959 1700 1041 1764 enim
1063 1701 1162 1764 solum
1184 1700 1321 1766 theorioo
1343 1717 1432 1784 prae·

322 1805 470 1872 ostoun
495 1807 617 1892 negotia
638 1807 728 1872 nimis
755 1808 859 1891 gravia
882 1806 985 1887 aliqua
1008 1809 1151 1888 exparte
1175 1823 1225 1871 me
1250 1803 1431 1872 allevavisse

323 1911 450 1991 oonfido,
474 1911 528 1977 sod
544 1911 784 1979 loenenfissimo
801 1913 893 1977 etiam
908 1911 966 1976 hoo
982 1912 1120 1995 exemplo
1135 1912 1432 1995 argumentationem
1548 1949 1549 1970 ι

323 2018 497 2100 auspioetus
513 2037 580 2084 sum
597 2019 633 2084 de
650 2020 770 2101 proprio
787 2018 918 2100 quodam
933 2018 1092 2083 Aesohinis
1107 2018 1234 2083 oratoris
1250 2035 1344 2097 more,
1361 2035 1431 2101 quo,

321 2126 357 2188 ut
381 2126 486 2205 earpat
509 2123 658 2188 maledieo
682 2123 772 2188 dente
800 2123 1022 2200 aduersarium,
1053 2119 1239 2206 amplifioare
1263 2125 1432 2190 orationem

323 2231 354 2295 et
377 2247 487 2311 augere
511 2228 597 2294 solet.
636 2228 808 2293 hanovere
833 2227 1083 2293 eonsuetudinom
1105 2227 1351 2294 inimioissimum
1366 2229 1431 2294 Do·
1549 2283 1550 2302 ,

323 2334 513 2400 mosthenem
535 2332 760 2416 perstringendi
775 2332 932 2398 oooasione
955 2331 1018 2396 sive
1035 2331 1137 2396 oblata
1157 2332 1220 2398 sive
1236 2338 1359 2417 arrepta
1374 2335 1431 2401 siri

323 2441 406 2507 dooti
429 2457 498 2504 oum
522 2439 620 2503 adhue
637 2457 695 2502 non
711 2438 785 2503 satis
801 2437 994 2519 respexerint
1018 2456 1108 2519 saepe
1124 2454 1283 2521 perperam
1298 2471 1341 2481 -—
1357 2459 1428 2506 nam

268 2526 271 2533 ⁵
322 2544 385 2612 late
408 2547 494 2628 patet
515 2546 546 2611 in
570 2542 785 2627 Ctesiphontea
812 2545 886 2609 haao
908 2543 1095 2608 eonsuetudo
1121 2579 1161 2590 -
1186 2544 1375 2612 offenderunt
1397 2547 1429 2611 in

323 2652 424 2718 serbis
446 2672 496 2718 me
518 2650 618 2717 iudioe
641 2651 790 2734 genuinis.
828 2651 886 2716 hoo
909 2653 1011 2716 autom
1034 2650 1140 2715 utilius
1163 2652 1238 2716 milri
1261 2651 1361 2726 ιίειιιιι
1383 2658 1429 2720 ost

325 2763 356 2825 et
377 2758 599 2843 praestabilius,
624 2776 700 2840 quae
722 2757 820 2840 primo
845 2757 949 2822 obtutu
976 2757 1049 2820 mire
1074 2756 1157 2822 diota
1178 2757 1329 2839 ndentur,
1354 2779 1426 2826 narn

323 2866 450 2932 tortosae
473 2865 611 2948 propriae
630 2865 793 2948 seriptoris
822 2866 947 2929 naturae
971 2865 1192 2945 condonentur,
1217 2869 1360 2932 aoourata
1382 2867 1428 2933 oi-

323 2971 451 3056 ligantia
477 2973 678 3056 persorutari,
712 2991 802 3054 qnam
832 2973 858 3036 si
886 2971 958 3053 quid
972 2971 1084 3038 ‘obiter
1111 2971 1316 3038 indioantibus
1343 2973 1429 3040 nobis

325 3079 484 3162 displioere
514 3077 625 3162 possit,
659 3077 837 3160 ηιιιιιιιιιιιιιιι
864 3078 949 3142 ιιιιιιι
976 3077 1137 3159 expellere.
1187 3079 1242 3143 sed
1270 3077 1427 3165 videamus

326 3186 455 3269 singula.
483 3221 522 3234 -

414 3292 573 3358 Prooemio
588 3291 727 3356 absoluto
740 3283 842 3373 (1—8)
854 3309 925 3356 oum
940 3292 1208 3375 argumentationis
1225 3291 1313 3359 initio
1328 3293 1399 3359 inne
1412 3311 1430 3358 a

327 3395 384 3474 ιιι
407 3398 538 3463 disserat
559 3398 597 3462 de
620 3398 744 3463 rationis
771 3397 940 3462 reddendae
969 3398 1037 3482 lege
1066 3402 1097 3462 et
1120 3397 1157 3462 de
1180 3398 1294 3478 oausis,
1322 3400 1431 3482 quibus

326 3506 361 3569 ut
374 3504 453 3569 hano
468 3504 569 3588 legem
585 3503 679 3583 daret,
702 3504 859 3587 legislator
874 3505 1044 3568 eommotus
1059 3491 1108 3583 sit,
1133 3500 1154 3578 t
1172 3505 1214 3570 10
1235 3507 1337 3570 orator
1353 3506 1431 3572 hano

325 3610 396 3675 iniit
416 3609 690 3677 ratiooinationem:
715 3609 807 3674 multi
822 3627 858 3674 er
874 3610 927 3687 eis,
951 3609 1002 3691 qui
1025 3610 1141 3674 ratione
1155 3609 1294 3676 nondum
1313 3607 1432 3677 reddita

328 3719 414 3782 erant
436 3715 585 3796 coronati,
610 3709 660 3773 ἐπ’
685 3706 884 3795 αὐτοφώρῳ,
912 3716 933 3779 i.
956 3735 982 3778 e.
1007 3708 1044 3772 ἐν
1068 3705 1244 3797 εὐθύναις,
1273 3717 1431 3798 penulatos
1460 3743 1463 3752 ·

327 3823 458 3889 sonuisti
474 3825 575 3900 erant;
599 3841 697 3905 poena
710 3824 813 3886 umen
828 3820 949 3886 liberati
969 3812 1311 3902 salutassemus),
1336 3812 1432 3902 popo

377 3985 379 3990 ¹
398 3979 421 4062 ἰ)
437 3996 514 4051 sarilo
532 3983 614 4066 igitnv
632 3995 797 4065 adstipulans
815 3995 861 4058 eis,
880 4010 946 4063 qnae
963 3992 1073 4049 Halml.
1086 3992 1103 4047 l.
1122 4011 1147 4064 p.
1161 3995 1179 4048 3
1197 3996 1311 4066 ponit·
1313 4013 1373 4060 ,ron
1386 3996 1433 4052 dor

328 4089 414 4141 ersten
433 4085 500 4140 taho
502 4085 593 4140 r-oe
606 4085 723 4140 theorioo
741 4083 924 4154 praefeeurs-
944 4083 1088 4153 behauptet
1105 4082 1275 4138 Aeschines
1267 4103 1295 4140 ιιι
1315 4083 1432 4141 offenbar

327 4177 392 4233 sahr
404 4174 506 4230 starker
523 4175 719 4245 ibertrailsnng
737 4174 797 4229 dass
814 4173 852 4227 sis
868 4187 917 4228 sor
934 4173 1095 4241 temperata
1113 4171 1160 4227 slas
1172 4173 1309 4242 Heponon
1327 4175 1433 4240 tistulis

328 4281 410 4336 ganne
429 4265 701 4334 &noseradinus
693 4281 721 4320 ιιι
739 4263 843 4318 hinton
862 4263 960 4332 gohabt
978 4263 1123 4318 habe.“
1169 4286 1175 4296 r
1270 4289 1272 4305 ι
1312 4303 1314 4310 .
1370 4303 1372 4310 .
