3128 5108
756 531 975 592 -lss-

318 735 413 799 nuper
440 735 458 781 a
491 717 601 799 populo
638 717 779 782 laudatus
812 715 894 781 idern
927 717 1017 799 paulo
1050 720 1119 800 post
1149 717 1277 802 superbo
1308 736 1359 780 ore
1389 737 1422 782 ao

316 822 506 904 triumphans
529 842 565 888 er
586 822 699 888 iudioio
723 822 813 888 erit.“
852 823 906 888 sed
928 822 982 887 ubi
1003 823 1128 888 taudem
1152 825 1252 888 orator
1274 824 1335 888 tale
1352 822 1424 904 quid

320 929 467 1010 „superbo
496 948 547 993 ore
576 947 611 994 ao
638 927 849 1011 triumphane“
881 927 1014 1010 profert?
1065 928 1250 994 extrinseeus
1279 927 1425 993 Weidner

315 1051 476 1117 perperam
498 1035 632 1113 inseruit,
663 1034 744 1117 quod
767 1034 867 1098 uerbis
889 1053 948 1098 non
975 1033 1056 1099 inest
1078 1033 1217 1116 quodque
1241 1035 1425 1100 sententiam

315 1140 483 1223 perturbet.
508 1161 545 1206 an
568 1144 658 1224 putas
681 1140 798 1205 indicae
813 1139 917 1206 noxios
940 1139 1097 1217 liberasse,
1121 1139 1201 1221 quod
1217 1158 1268 1206 eos
1283 1141 1422 1223 puderet,

316 1245 406 1322 siin,
436 1247 487 1328 qui
510 1249 599 1311 antea
623 1247 782 1312 eoronatua
806 1249 885 1311 esset
909 1264 927 1310 a
948 1245 1076 1328 populo,
1106 1248 1213 1329 postea
1240 1265 1424 1330 quamquem

316 1350 535 1417 eundemnetuu
556 1351 815 1433 triumpharetur?
853 1350 914 1415 imo
938 1350 1028 1415 aliter
1050 1370 1098 1414 res
1120 1369 1152 1414 se
1175 1351 1276 1417 habet.
1322 1352 1423 1417 rerbie

315 1451 436 1528 ἔξεισιν
460 1449 496 1513 ἐκ
520 1453 580 1515 τοῦ
598 1451 810 1538 δικαστηρίου
834 1475 889 1521 sua
912 1455 1101 1539 proprioris
1123 1459 1180 1536 eet,
1202 1456 1234 1521 id
1259 1459 1423 1538 quodiam

314 1563 384 1628 inde
408 1563 517 1643 eludet
541 1561 621 1645 quod
643 1563 755 1646 arripio
770 1562 953 1628 rorationem
976 1561 1103 1627 adiectis
1118 1563 1220 1628 uerbis
1242 1563 1423 1646 interrumpi

315 1686 407 1750 quam
430 1667 549 1733 omissis
571 1671 653 1732 route
681 1667 773 1733 fluere
795 1667 919 1745 maluit;
950 1667 1170 1750 oppositionem
1194 1667 1275 1733 enim
1299 1674 1420 1753 augent,

314 1774 456 1856 quoniam
484 1775 552 1838 turn
581 1774 704 1839 demum
734 1808 773 1818 -
803 1773 953 1838 Aeeehine
983 1773 1083 1838 iudiee
1112 1805 1156 1814 -
1185 1794 1255 1840 enm
1282 1775 1351 1853 ille,
1387 1780 1423 1842 ut

315 1878 541 1957 condemnatus,
566 1900 600 1945 er
615 1879 726 1944 indioio
747 1881 816 1959 erit,
840 1879 861 1945 i.
879 1900 903 1945 e.
922 1899 992 1945 eum
1012 1879 1223 1946 condemnatio
1245 1900 1306 1947 non
1321 1883 1422 1948 minus

313 1985 522 2069 pervolgatum
553 2003 644 2066 qnam
673 1985 840 2063 coronatio,
870 1984 1037 2068 ignominia
1063 1984 1143 2050 insta
1174 1984 1285 2068 populo
1314 1987 1420 2054 oritur.

314 2107 390 2172 qnae
414 2110 484 2155 enm
508 2109 543 2155 eo
566 2091 687 2173 gravior
709 2090 764 2168 sit,
794 2108 852 2172 qno
875 2089 973 2155 maior
998 2091 1097 2154 firemt
1124 2091 1221 2156 honos
1249 2093 1337 2158 norio
1365 2095 1421 2158 tri·

313 2196 416 2274 butun,
441 2196 598 2279 aptissime
620 2215 675 2279 per
690 2215 722 2260 ee
738 2196 799 2260 tale
823 2195 897 2277 qnid
919 2197 1045 2279 opponi:
1070 2187 1360 2276 α’ναγορευόμενυς
1383 2193 1421 2256 ἐν

314 2297 359 2378 τῷ
381 2295 511 2381 anoton
533 2301 737 2386 intellegitur:
766 2303 861 2367 honos
885 2305 932 2367 eet
953 2302 1110 2384 publium,
1138 2303 1261 2385 publiea
1284 2305 1421 2371 eiusdem

312 2409 444 2474 hominis
467 2408 689 2474 condemnatio.
735 2411 777 2488 et
800 2407 901 2490 inquit
921 2407 1068 2474 Weidner
1090 2399 1183 2487 (eom.
1208 2410 1255 2476 ed.
1272 2408 1355 2495 Lips.
1380 2413 1420 2477 ud

313 2517 343 2582 h.
359 2508 413 2598 1.),
444 2518 489 2594 „si
516 2535 576 2598 qua
603 2515 679 2580 fides
701 2516 846 2580 Aeschini
868 2511 898 2593 (d
919 2517 961 2580 32
978 2513 1071 2597 squ),
1100 2517 1132 2581 in
1155 2517 1272 2583 theatro
1296 2549 1338 2558 -
1361 2518 1417 2584 hoo

179 2627 182 2634 ’
313 2622 395 2688 enirn
418 2623 602 2708 signifieeret
629 2615 664 2679 ἕν
681 2625 748 2688 τοῖς
770 2612 891 2696 ἀγῶσιν
909 2655 951 2662 -
970 2642 1025 2705 per
1047 2623 1131 2706 leges
1154 2643 1192 2688 ne
1216 2624 1328 2690 iieebut
1351 2625 1417 2706 qni-

241 2813 243 2816 ·
313 2727 384 2794 dem
398 2727 651 2794 renuntiationem
673 2728 795 2792 honoris
810 2727 884 2795 fieri.
920 2747 956 2793 ao
972 2728 999 2793 si
1014 2731 1131 2793 statuas
1154 2729 1211 2795 hoo
1233 2731 1278 2796 ita
1299 2730 1416 2796 linitum

311 2835 414 2915 inisse,
437 2837 473 2900 ut
494 2835 584 2900 Dem.
608 2836 645 2900 de
669 2855 730 2901 eor.
754 2831 857 2909 §120
880 2835 1083 2913 eonfirmatur‚
1106 2835 1164 2901 hoo
1187 2856 1295 2919 parum
1319 2837 1417 2903 oredi-

311 2943 373 3007 bile
403 2945 449 3008 est
472 2942 654 3008 Aesohinem
685 2943 759 3007 adeo
787 2942 932 3008 stolidum
955 2942 1063 3021 fuisse,
1092 2946 1241 3009 utonem
1269 2943 1417 3010 rationem

313 3049 475 3114 aeoneandi
501 3049 566 3131 ipse
594 3048 784 3116 subverterit.
837 3065 907 3111 nam
934 3047 992 3112 hoo
1021 3052 1102 3114 certe
1130 3049 1268 3127 fecisset,
1297 3048 1416 3116 etiarnsi

312 3171 370 3218 nou
392 3154 564 3238 legitimam
586 3154 683 3234 illam,
707 3156 738 3219 at
760 3156 916 3241 uolgarem
939 3156 1041 3219 temen
1064 3154 1314 3221 consuetudinem
1336 3153 1417 3218 indi-

312 3255 422 3325 ouret.‘
472 3260 619 3326 Weidner
646 3265 807 3345 propterea
833 3263 931 3328 faeere
953 3282 1014 3329 non
1036 3264 1152 3345 potest,
1183 3262 1255 3344 quin
1277 3260 1416 3326 Dobraeo

313 3355 351 3444 (i.
373 3365 395 3432 i.
419 3385 449 3448 p.
471 3359 551 3447 336)
579 3369 701 3432 anotore
734 3366 835 3432 deleat
868 3369 960 3433 rerba
990 3368 1076 3449 quasi
1102 3366 1246 3433 inuitioia.
1299 3366 1352 3432 sed
1379 3385 1416 3430 ne

315 3471 487 3554 „uolgarem
503 3467 772 3537 consuetudinem⁸
799 3473 931 3555 quidem,
954 3472 999 3538 ita
1017 3475 1052 3537 nt
1076 3472 1233 3537 subvertat
1253 3491 1341 3536 enam
1356 3491 1415 3536 ao-

312 3577 437 3642 oueandi
452 3577 610 3655 rationem,
634 3580 734 3644 orator
755 3577 879 3657 indicat,
903 3579 1044 3660 quoniam
1058 3597 1117 3642 non
1134 3577 1170 3641 de
1187 3596 1221 3643 eo
1238 3577 1311 3662 ugit,
1335 3578 1416 3661 quod
1552 3637 1553 3644 ,

312 3682 437 3760 aoeidit,
474 3682 527 3747 sed
556 3683 636 3765 quod
664 3685 801 3749 aonidere
830 3683 935 3766 possit.
989 3683 1098 3748 deinde
1127 3683 1204 3748 hana
1233 3684 1415 3751 sententiam

310 3787 492 3868 uniuersam,
515 3789 631 3854 iudices
653 3790 742 3871 turpe
760 3789 868 3854 dueere
891 3789 1038 3854 iudicium
1052 3807 1221 3872 repugnare
1244 3789 1414 3872 plebisoito

310 3898 411 3961 orator
433 3895 547 3978 profert
568 3895 622 3973 ita,
645 3896 680 3959 ut
694 3914 749 3978 per
764 3896 937 3978 exemplum
952 3895 1094 3962 illustret.
1131 3895 1211 3977 quod
1225 3914 1297 3961 vero
1312 3914 1415 3962 exem-

309 4001 396 4084 plum
418 4001 548 4084 gratiae,
578 4001 657 4084 quod
682 4001 836 4084 aooeptins
866 4021 931 4066 esse
954 4003 1088 4083 poterat,
1113 4020 1203 4083 quam
1226 4000 1415 4068 adversarii?

310 4125 345 4172 ee
368 4125 405 4173 ne
430 4107 528 4170 telum
549 4105 663 4173 frusta
684 4106 798 4185 mittat,
822 4110 922 4173 orator
945 4106 1064 4171 adieere
1081 4105 1172 4171 debet
1195 4099 1232 4164 do
1249 4108 1318 4171 τοῖς
1332 4097 1412 4182 oya.

311 4215 381 4289 σιν,’·
403 4211 544 4293 qnoniam
565 4212 592 4276 is
614 4231 718 4277 revera
741 4205 777 4269 ἐν
802 4207 846 4287 τῷ
869 4203 997 4290 θεάτρῳ
1020 4211 1155 4276 coronari
1178 4231 1196 4276 a
1217 4209 1413 4294 Ctesiphonte
