3128 5108
780 529 819 536 --
867 497 996 564 42...

337 685 530 758 revocarent,
563 682 660 748 varias
685 684 748 750 vies
772 683 903 748 inierunt
924 683 981 748 viri
1005 683 1095 748 doeti.
1142 703 1214 748 narn
1244 684 1315 764 quia
1341 702 1457 766 „prae-
1535 670 1538 695 ¹

337 787 447 871 positio
464 781 521 845 ἐπί
536 789 611 854 nihil
628 790 748 856 omnino
765 789 932 870 habetque
949 783 1125 866 referatnr“,
1150 789 1182 854 J.
1195 790 1226 854 J.
1239 789 1351 854 Beiske
1367 783 1455 870 (ed.)

284 921 286 926 ·
336 893 388 958 ille
416 892 557 974 quidem,
589 893 634 958 vir
663 895 873 972 deotissime,
910 884 965 952 ἐπὶ
994 885 1031 950 τὰ
1061 889 1151 974 νείκη
1181 894 1287 960 abesse
1316 895 1452 972 mavult,

337 997 481 1064 Weidner
498 991 588 1078 (eom.
608 1000 656 1064 ed.
673 999 754 1082 Lips.
772 1001 811 1066 ad
828 1002 858 1066 h.
872 995 909 1082 1.)
932 1021 1001 1066 vero
1017 999 1238 1082 praepositione
1255 991 1455 1065 euomuisse

337 1103 368 1168 in
393 1099 472 1180 περί
493 1105 583 1184 atque
607 1105 791 1170 oorreotione
820 1107 888 1189 ipsa
910 1109 1015 1188 postea
1044 1106 1119 1170 adeo
1143 1107 1279 1170 eorreota
1307 1101 1371 1162 τῶν
1398 1124 1454 1168 ar-

341 1209 435 1274 tioulo
465 1211 535 1290 post
567 1204 630 1264 τῶν
658 1203 761 1284 ἔργων
791 1211 908 1278 adiecto
937 1211 981 1276 sio
1015 1210 1107 1276 soribi
1134 1209 1234 1274 iubet:
1270 1201 1347 1275 τοὺς
1374 1204 1453 1268 ἐπι-

337 1308 585 1393 μελησομένους
608 1310 672 1372 τῶν
689 1308 793 1392 ἔργων
818 1312 881 1372 τῶν
898 1306 974 1394 περὶ
997 1307 1035 1372 τὰ
1058 1311 1148 1396 τείχη
1174 1307 1227 1374 καὶ
1251 1311 1375 1389 ταμίας,
1417 1318 1453 1380 at

336 1420 476 1501 exempla
505 1419 740 1486 Demosthenioa
774 1441 844 1486 oum
879 1422 939 1486 alia
973 1415 1025 1500 (ef.
1050 1420 1264 1484 Westermann
1292 1421 1331 1486 ad
1353 1421 1449 1486 Dem.

337 1525 441 1590 XVIII
464 1516 543 1604 288)
567 1527 633 1588 tum
656 1525 744 1590 haee:
777 1521 812 1584 oe‘
838 1517 903 1584 ὑπὸ
934 1523 994 1582 τοῦ
1019 1517 1130 1606 δήμου
1159 1519 1233 1582 τόθ’
1256 1521 1451 1605 αἱρεθέντες
1540 1581 1541 1584 ,

337 1622 392 1688 ἐπὶ
416 1621 471 1695 τὰς
494 1621 598 1704 ταφάς
613 1651 641 1678 --
658 1620 714 1686 ἐπὶ
737 1620 796 1710 τὴν
822 1627 884 1686 τῶν
902 1628 1014 1709 ταφών
1032 1623 1243 1710 παρασκευήν
1268 1627 1322 1707 (01,
1340 1631 1449 1696 XVIII

338 1729 427 1816 288),
452 1738 505 1800 aut
528 1731 584 1814 τῆς
608 1731 779 1812 πρεσβείας
803 1733 858 1814 τῆς
874 1727 929 1794 ἐπὶ
953 1729 1030 1802 τοὺς
1045 1727 1167 1811 ὅρκους
1182 1759 1210 1786 =
1226 1737 1390 1820 legationis
1406 1735 1448 1802 ad

337 1843 403 1906 iura
419 1839 546 1906 iuranda
561 1840 738 1922 eroipienda
752 1841 865 1907 missae
888 1833 941 1922 (of.
954 1842 1042 1907 Dem.
1056 1843 1100 1906 IV
1115 1843 1173 1914 26;
1192 1841 1281 1906 Plato
1295 1841 1378 1906 Men.
1390 1842 1445 1906 90.

337 1947 452 2030 Krneg.
477 1963 522 2029 gr.
539 1963 585 2028 gr.
603 1940 621 2022 ἕ
638 1948 690 2024 68,
708 1948 761 2024 42,
779 1939 813 2026 3)
837 1947 863 2010 si
885 1966 1108 2030 temperamus,
1134 1950 1286 2012 oratorem
1310 1941 1447 2004 ἑλέσθαι

338 2043 392 2108 ἐπὶ
416 2042 453 2106 τὰ
478 2045 569 2129 τείχη
593 2051 613 2115 i,
636 2072 662 2115 e,
688 2046 822 2110 ἑλέσθαι
846 2043 900 2108 ἐστὶ
925 2049 984 2132 τῆν
1009 2049 1072 2108 τῶν
1098 2049 1214 2124 τειχῶν
1240 2045 1445 2133 κατασκευήν

338 2156 528 2222 ooniunxisse
562 2156 653 2221 fenile
688 2157 877 2224 addueimur.
934 2176 1031 2238 neque
1066 2157 1137 2222 talis
1172 2157 1294 2222 dioendi
1327 2160 1445 2242 generis

299 2317 301 2320 .
339 2262 510 2343 exemplum
534 2261 738 2326 Aesohineum
761 2264 856 2329 deest.
903 2263 995 2328 verba
1017 2263 1098 2326 enim
1121 2282 1166 2340 ea,
1191 2282 1268 2343 qnae
1293 2257 1310 2338 ἓ
1335 2264 1378 2328 59
1400 2263 1446 2326 le-

337 2369 467 2452 gamtur:
493 2358 710 2438 καθεζώμεθα
734 2359 791 2426 ἐπὶ
814 2360 890 2433 τοὺς
911 2360 1088 2442 λογισμούς
1111 2372 1142 2432 et
1163 2367 1314 2460 opnsimilj
1330 2368 1446 2432 ratione

338 2473 422 2538 diota
445 2475 517 2538 sunt
538 2491 635 2554 neque
660 2493 730 2538 enm
753 2473 893 2538 Dobraeo
916 2465 990 2554 (1.1.
1014 2493 1043 2554 p.
1062 2465 1141 2554 339)
1165 2473 1203 2538 ob
1226 2473 1342 2537 malam
1366 2473 1445 2537 eius-

344 2579 413 2644 dem
436 2577 521 2643 voeis
544 2577 755 2659 repetitionem
779 2573 831 2657 (de
855 2599 915 2662 qua
938 2578 1037 2642 dicam
1062 2578 1101 2642 ad
1125 2571 1217 2656 §78)
1242 2578 1300 2642 eiei
1324 2578 1445 2644 debent.

340 2685 479 2750 oontorta
507 2701 577 2749 vero
600 2684 760 2748 verborum
784 2683 969 2750 oollooatios
986 2679 1121 2742 ἑλέσθων
1149 2674 1224 2749 τοὺς
1252 2677 1446 2764 ἐπιμελησο-

338 2790 464 2862 μένους
488 2785 553 2846 τῶν
576 2783 680 2866 ἔργων
704 2781 760 2847 ἐπὶ
785 2782 822 2847 τὰ
851 2785 941 2870 τείχη
971 2780 1025 2846 καὶ
1049 2785 1177 2863 ταμίας,
1206 2809 1260 2872 pro
1289 2809 1350 2872 qua
1373 2789 1446 2854 sim-

338 2895 513 2977 pliniorem:
545 2889 679 2952 ἑλέσθαι
703 2887 758 2951 ἐπὶ
782 2888 820 2954 τὰ
849 2891 939 2976 τείχη
962 2889 1037 2958 τούς
1060 2887 1369 2973 ἐπιμελησομένους
1382 2891 1445 2950 τῶν

340 2995 443 3078 ἔργων
461 2983 646 3074 καὶναμίας
669 3001 883 3082 expectaveris,
907 3000 982 3066 adeo
1005 3019 1066 3065 non
1088 2999 1177 3064 huius
1200 2999 1354 3082 scriptoris
1370 2998 1447 3064 mori

339 3108 498 3188 repugnat,
516 3109 550 3170 nt
567 3106 711 3189 exemplis
727 3105 886 3187 permultis
902 3105 1125 3187 comprobetur.
1160 3101 1237 3168 nihil
1253 3103 1336 3170 enim
1351 3105 1446 3169 usite-

339 3209 402 3274 tius
426 3212 473 3275 est
495 3210 527 3275 in
544 3211 693 3276 Aeschine
718 3229 809 3292 quam
825 3210 917 3275 verba
941 3209 1141 3274 consocianda
1156 3210 1298 3292 separari.
1336 3211 1373 3275 ef.
1392 3205 1408 3286 ἓ
1427 3211 1445 3271 8

340 3311 405 3370 ταῖν
430 3305 538 3390 ὅρκων
563 3305 623 3381 orie
646 3307 795 3392 ω’μίσασε
817 3313 1025 3396 μεμνημένοι
1049 3305 1101 3372 καὶ
1125 3311 1189 3370 τῶν
1213 3307 1344 3388 νόμων,·
1371 3313 1445 3378 ibid.

341 3413 394 3478 καὶ
423 3414 600 3497 παράνομα
630 3413 815 3501 γεγραφότα
844 3411 1033 3500 καὶψευδῆ
1057 3411 1111 3478 καὶ
1126 3411 1305 3497 ἀσύμφορα
1327 3438 1364 3502 τη
1390 3411 1446 3478 τιό-

340 3520 406 3596 λει,·
439 3526 514 3591 ibid,
542 3517 622 3600 ὑμῖν
646 3518 758 3596 αὐτοῖς
783 3523 972 3608 ψηφιεῖσθε
1003 3517 1056 3583 καὶ
1078 3517 1167 3605 τισίση
1195 3523 1234 3608 τῇ
1261 3519 1374 3606 πόλει,
1403 3525 1444 3590 56

341 3625 404 3708 ἐγώ
421 3647 457 3689 τε
480 3622 710 3709 ἀποκρίνωμαι
735 3625 792 3709 (sie
808 3631 889 3696 enim
912 3631 1106 3696 scribendum
1130 3649 1195 3695 esse
1218 3631 1301 3696 faeili
1326 3631 1445 3712 negotio

344 3737 547 3804 demonstrari
569 3736 682 3820 potest)
706 3731 856 3796 ἐναντίον
874 3750 927 3794 σοι
944 3733 1008 3792 των
1030 3732 1200 3806 δικαστῶν,
1224 3730 1445 3816 Δημόσθενες,

342 3833 395 3899 καὶ
420 3839 484 3899 τῶν
509 3839 652 3900 ττολιτών
677 3838 754 3920 nrt„
779 3845 818 3906 91
844 3837 1057 3922 Δημοσθένει
1079 3837 1106 3899 δ’
1123 3833 1278 3919 ἀργύριον
1302 3833 1445 3904 καὶτοῖς

341 3939 419 4022 περὶ
437 3939 549 4013 ον’νόν.
578 3981 614 3988 -
642 3951 732 4030 atque
756 3967 791 4010 ex
816 3947 863 4012 his
887 3951 919 4012 et
933 3947 1008 4014 ,aliis
1025 3947 1134 4012 similis
1158 3947 1276 4032 generis
1292 3947 1442 4030 exemplis,

343 4072 419 4136 qnae
442 4071 522 4118 nune
541 4052 760 4138 praetermitto,
786 4051 922 4117 eiusdem
945 4047 1020 4128 §27
1045 4052 1137 4116 verba
1161 4045 1214 4109 καὶ
1229 4045 1442 4132 δικαστηρίων

344 4149 522 4240 ἡγεμονίας
545 4150 705 4237 ἐλάμβανε
734 4175 809 4240 quae
838 4156 977 4222 delentur
1005 4157 1217 4235 aWeidnero‚
1245 4157 1305 4222 nisi
1327 4155 1444 4222 aliunde
