3128 5108
563 607 781 669 ..37-

118 789 208 854 bulos
239 789 377 872 publicas
405 793 594 872 pronuntiari
622 795 722 872 iubet,
755 792 830 856 talia
858 812 933 875 quae
962 794 1081 858 autad
1108 793 1227 858 tabulas

117 894 203 976 ipsas
225 894 378 976 pertinent
405 898 520 961 autad
548 918 584 964 ea
612 919 688 982 quae
716 897 851 978 proxime
879 898 1077 978 antecedunt,
1108 898 1226 964 adicere

118 1001 210 1066 solet.
258 1003 347 1082 atque
371 1001 399 1065 ei
421 1003 494 1082 loci,
524 1004 575 1068 ubi
599 1004 720 1070 tabulae
742 1004 813 1084 post
834 1003 981 1067 maiorem
1004 1002 1138 1086 aliquam
1161 1023 1227 1068 ora-

117 1107 210 1171 tionis
232 1107 352 1187 partem
368 1106 549 1188 inseruntur,
574 1112 650 1178 sunt
666 1109 713 1173 hi:
739 1127 781 1172 or.
799 1106 878 1171 Tim.
896 1101 914 1183 5
932 1109 995 1173 116
1019 1108 1124 1173 rerba:
1150 1101 1227 1187 περὶ

117 1205 182 1286 μὲν
207 1195 268 1270 οἷν
293 1204 369 1279 τοὺς
393 1208 531 1281 πολίτας
555 1204 708 1279 καὶτοὺς
732 1205 875 1280 οἰκείους
898 1195 969 1278 οἷος
992 1211 1162 1294 γεγένηται
1186 1249 1226 1258 -

118 1309 138 1376 ὁ
164 1317 239 1395 παρ’
258 1310 343 1390 ἐμοῦ
365 1311 461 1394 λόγος
483 1319 636 1402 pertinent
659 1319 698 1384 ad
721 1320 848 1384 alteram
872 1319 1015 1384 orationis
1037 1321 1165 1401 partem,
1190 1320 1227 1384 de

118 1443 180 1507 qna
203 1424 302 1507 agitur
326 1417 364 1500 §5
381 1426 421 1488 37
435 1427 546 1489 -115
573 1416 626 1504 (ef.
651 1426 794 1491 orationis
820 1424 976 1508 dispositio
1002 1419 1080 1502 58).
1128 1423 1227 1490 Ctesi·

117 1530 269 1612 phonteae
287 1531 390 1594 autem
406 1524 424 1607 5
441 1532 480 1596 31
497 1533 597 1595 orator
613 1551 689 1614 quae
705 1531 805 1596 adhuc
822 1530 1049 1612 demonstravit,
1068 1549 1227 1613 compren-

118 1635 181 1711 dit3
211 1629 293 1711 §48
319 1634 426 1698 deinde
450 1637 555 1700 verba:
586 1628 721 1694 ἐπειδὰν
749 1631 862 1694 τοίνυν
892 1628 1113 1706 ἐξαπατῶντες
1145 1626 1228 1711 ὑμᾶς

115 1736 256 1815 λέγωσιν
293 1759 388 1822 usque
418 1740 457 1805 ad
488 1730 531 1806 ὡς
559 1721 656 1808 οὗτος
684 1737 809 1818 ἔννομα
839 1740 1000 1822 γέγραφεν
1034 1742 1072 1806 ad
1100 1742 1229 1807 alteram

118 1845 322 1911 accusationis
345 1848 462 1928 partem
487 1841 524 1923 §5
542 1849 683 1912 32—47
709 1847 876 1930 expositam
904 1849 1051 1930 spectant.
1098 1847 1227 1929 denique

116 1949 136 2031 ἕ
156 1955 218 2019 105
236 1953 342 2016 verba:
368 1945 454 2009 τοῦτ)
474 1945 600 2011 ἔστιτὸ
628 1946 787 2034 ψήφισμα
810 1953 962 2036 usquead
984 1941 1006 2008 di
1028 1944 1227 2033 τετόλμηκεν

115 2039 217 2123 οὗτος
239 2050 368 2139 γράψαι
392 2059 431 2123 ad
452 2059 628 2141 psephisma
650 2059 753 2141 ipsum
776 2059 909 2141 proxime
933 2057 1114 2123 antecedens
1133 2057 1227 2140 perti-

115 2166 201 2229 nent.
225 2195 266 2204 —
296 2165 377 2245 quod
400 2164 438 2228 ad
460 2164 593 2247 reliquas
616 2164 739 2229 tabulas
761 2164 899 2247 publicas
924 2164 1047 2244 attinet,
1072 2162 1141 2228 vide
1164 2163 1228 2246 pri-

114 2289 204 2334 mum
233 2288 284 2334 eos
318 2270 414 2350 locos,
450 2271 502 2334 ubi
530 2274 645 2348 orator,
681 2271 859 2353 prinsquam
892 2270 931 2334 ad
966 2287 1078 2334 novum
1112 2267 1229 2351 aliquid

114 2373 343 2458 progrediatur,
372 2376 533 2458 praecipue
568 2376 745 2458 pronomine
780 2355 876 2440 οὗτος
909 2394 982 2439 usus
1016 2373 1227 2456 similibusque

114 2481 172 2545 aut
201 2480 323 2544 tabulas
351 2481 433 2562 ipsas
463 2481 597 2546 breviter
625 2483 842 2545 commemorat
870 2472 922 2560 (ei.
948 2499 989 2544 or.
1014 2479 1093 2544 iim.
1124 2472 1161 2555 55
1189 2479 1227 2544 13
1251 2564 1255 2572 ¹

113 2577 199 2661 μετὰ
217 2581 328 2667 ταῦτα,
353 2605 395 2651 cc.
412 2589 481 2670 post
503 2586 605 2669 legem
621 2585 774 2670 magistris
792 2586 893 2650 datam
918 2585 955 2649 de
978 2583 1090 2667 pueris,
1107 2585 1159 2663 22,
1173 2585 1226 2663 36,

115 2694 176 2758 67;
202 2685 290 2750 καλοῖ
312 2685 369 2749 τὸν
384 2680 626 2774 Ἡγήσανδρον,
653 2692 758 2774 quiin
782 2692 907 2756 testium
931 2690 1020 2756 dictis
1042 2709 1228 2755 commemo-

115 2800 217 2877 ratur,
249 2799 292 2862 69
315 2787 374 2856 τὸν
398 2787 517 2875 ὅρκον,
546 2817 588 2863 sc.
614 2796 1002 2878 testimoniipnonuntiat13
1033 2815 1076 2861 or.
1100 2795 1137 2860 de
1160 2795 1181 2860 1.
1204 2796 1226 2860 1.

116 2900 160 2979 55
176 2903 230 2982 55,
248 2905 300 2982 92,
319 2904 393 2981 128,
413 2904 485 2981 143,
507 2905 583 2969 156;
608 2923 650 2969 cr.
669 2902 749 2968 Otes.
775 2900 816 2978 55
834 2903 877 2967 24
901 2896 939 2959 τὰ
962 2895 1106 2982 δημόσια
1130 2895 1227 2981 γράμ-

113 3024 213 3084 ματα,
238 3008 259 3072 1.
277 3028 303 3074 e.
320 3007 496 3090 psephisma
518 3007 756 3091 pronuntiatum,
783 3011 834 3087 71,
855 3010 927 3087 113,
947 3007 1021 3085 125,
1041 3009 1103 3072 188
1120 3001 1225 3084 τούτῳ

113 3111 162 3190 τῷ
186 3104 403 3194 ψηφίσματι),
428 3116 480 3178 aut
496 3133 540 3191 ea,
565 3133 641 3197 quae
664 3114 845 3179 antecedunt
866 3113 979 3179 tabulis
1003 3105 1055 3194 (cf.
1080 3133 1122 3180 or.
1147 3114 1226 3178 Tim.

114 3215 237 3298 §5101
264 3210 421 3300 α’ργίριον
446 3213 578 3298 πατρός,
604 3221 641 3285 de
666 3239 724 3303 quo
748 3213 823 3296 597
842 3239 908 3302 sqq.
933 3218 1062 3300 scriptor
1083 3219 1225 3301 loquitur,

116 3326 183 3390 105
206 3315 415 3400 ἀποδόμενος
436 3317 495 3406 τὴν
519 3318 670 3406 πατρῴαν
692 3316 815 3401 οὐσίαν,
840 3325 876 3388 de
894 3342 953 3407 qua
974 3344 1006 3388 re
1031 3319 1225 3407 5101sqq.;

114 3453 158 3498 cr.
176 3431 252 3508 def.
269 3431 290 3496 1.
308 3425 346 3508 55
362 3433 405 3496 47
423 3427 452 3509 [5
469 3426 535 3512 45],
557 3433 600 3496 74
624 3424 733 3506 cipio
751 3421 861 3509 καιροὶ
880 3426 938 3512 τῆς
953 3422 1081 3496 πόλεως
1104 3426 1154 3508 [cf.
1173 3423 1225 3506 70]

114 3534 268 3595 τοιοῦτοι
285 3519 378 3616 ἦσαν,
396 3540 436 3602 87
460 3531 637 3617 τηλικαῦτα
655 3531 719 3614 [86]
738 3529 1018 3617 καταψεύδεσθαι,
1040 3539 1079 3601 91
1096 3527 1146 3617 [01.
1160 3529 1225 3615 90],

117 3645 183 3710 108
210 3639 260 3721 [of.
287 3643 349 3708 101
365 3634 461 3726 sqq.];
487 3662 529 3707 or.
555 3640 635 3738 Ctes.
660 3636 701 3719 55
719 3643 760 3706 28
790 3634 873 3723 πρὸς
895 3639 992 3702 τοῦτο
1020 3633 1069 3723 [ο1.
1088 3631 1155 3720 27],
1184 3641 1226 3705 69

115 3743 154 3809 τὰ
181 3742 341 3808 Διονύσια
365 3743 414 3826 [cf.
432 3741 496 3827 68],
522 3749 561 3813 77
589 3741 686 3815 Οὗτος
709 3738 727 3804 ὅ
825 3740 925 3818 κόλαξ
948 3741 1024 3825 [76],
1056 3748 1097 3811 94
1120 3785 1164 3795 --
1188 3747 1227 3812 ad

116 3861 159 3923 91
178 3876 244 3939 sqq.
269 3847 338 3936 —-).
383 3856 436 3918 aut
459 3855 558 3918 orator
580 3853 612 3916 in
634 3872 731 3936 pauca
752 3854 846 3918 verba
868 3854 950 3937 cogit
971 3853 1018 3932 id,
1051 3851 1131 3935 quod
1154 3872 1227 3918 eon*

115 3964 232 4030 tinctur
255 3963 308 4025 aut
330 3959 445 4025 tabulis
469 3955 519 4036 (ef.
544 3979 586 4023 cr.
610 3959 688 4023 Tim.
715 3953 807 4036 5513
832 3979 874 4024 or.
900 3959 936 4023 de
959 3960 1018 4024 1.1.
1044 3953 1154 4038 5520,
1172 3961 1225 4037 56,

118 4065 172 4148 [cf.
191 4061 261 4143 54],
286 4067 341 4144 62,
366 4066 443 4142 129;
474 4083 516 4129 or.
535 4063 616 4130 Otos.
641 4058 679 4141 55
697 4066 739 4129 33
764 4061 817 4143 [cf.
843 4065 935 4130 etiam
960 4084 1036 4147 qnae
1059 4065 1226 4130 Aeschines

117 4173 194 4239 dicit
217 4165 327 4249 534],
356 4172 399 4235 34
423 4165 476 4247 [de
498 4164 691 4252 plebiscito],
717 4171 759 4234 40
777 4190 854 4253 sqq,
881 4171 960 4250 102,
988 4172 1065 4248 191,
1097 4169 1225 4252 denique

116 4300 160 4345 or.
177 4277 258 4343 Tim.
279 4271 296 4352 5
317 4271 379 4354 17],
404 4278 456 4341 aut
471 4275 525 4353 eis,
551 4296 626 4359 quae
650 4275 763 4341 tabulis
779 4275 961 4341 antecedunt
984 4268 1036 4355 (cf.
1054 4295 1096 4341 or.
1113 4275 1150 4340 de
1165 4274 1187 4338 1.
1202 4274 1224 4340 1.
