3128 5108
558 512 819 610 *au—¹

103 676 184 779 ’(όμ.
202 691 291 757 ἐστιν
309 690 349 778 Β)
373 689 458 756 οὕτω
475 691 636 763 δύσκολος
651 689 708 778 τὴν
726 691 827 778 φύσιν
852 688 939 768 ὅστις
963 690 1025 756 oda
1048 690 1227 778 ἀπέρχεται

111 801 211 866 τοῦδ’
236 796 444 886 ὁμολογήσας
473 795 541 884 (καὶ
564 799 741 871 ἐπινεύσας
761 799 805 887 Β)
828 796 952 887 άληδές
975 792 1061 864 εἶναι
1084 796 1109 864 ό
1129 824 1161 866 τι
1183 797 1224 866 όν

113 904 228 994 (αὐτὸς
243 913 314 979 add,
331 905 372 994 Β)
396 903 587 987 ὁλοχισμός
610 907 696 996 αἱρῇ.
742 913 774 978 in
798 913 844 977 his
868 932 944 993 quae
968 916 1040 978 sunt
1063 907 1144 972 κατὰ
1166 906 1226 975 τὸν

111 1013 273 1096 λογισμόν
301 1019 439 1086 finitimis
466 1020 566 1084 verbis
595 1038 763 1103 repugnare
792 1018 950 1097 videntur,
985 1021 1129 1102 quoniam
1164 1021 1227 1088 illis

112 1127 198 1194 aliud
220 1130 342 1210 tempus
365 1127 397 1192 et
421 1127 428 1140 ’
452 1127 544 1192 terius
564 1126 716 1214 indioatur
740 1145 831 1208 quam
847 1145 905 1207 quo
928 1130 1064 1210 tempore
1083 1129 1172 1194 domo
1194 1130 1227 1197 hi

112 1237 198 1302 oives
227 1238 338 1302 exeunt
366 1235 519 1300 adonium
546 1235 657 1300 facturi
686 1235 722 1298 de
750 1234 906 1318 impensis.
959 1255 1055 1318 neque
1078 1235 1228 1304 Weidner

113 1336 198 1400 κατὰ
224 1334 282 1400 τὸν
306 1333 466 1414 λογισμόν
496 1340 585 1422 quasi
611 1339 795 1421 interpolata
822 1359 892 1405 oum
919 1341 1046 1418 deleuit,
1075 1339 1146 1406 inde
1175 1344 1228 1406 aut

113 1450 209 1514 aliam
233 1451 283 1514 aut
308 1447 465 1513 meliorem
482 1445 647 1510 orationem
671 1445 868 1527 reeuperavit.
904 1464 974 1510 nam
998 1446 1091 1528 quid?
1128 1465 1226 1511 nonne

111 1547 208 1624 δόξαι
230 1556 297 1620 tum
321 1553 445 1619 demum
470 1548 606 1633 ψευδεῖς
627 1553 706 1616 iuste
731 1552 878 1634 appellari
895 1543 1040 1636 possunt,
1064 1556 1226 1636 postquam

112 1660 234 1725 oaloulo
268 1659 367 1741 posito
395 1659 491 1724 falsae
521 1678 586 1724 esse
615 1658 837 1723 demonstratae
866 1661 958 1724 suut?
1002 1679 1100 1726 nonne
1124 1661 1226 1744 potius

114 1768 209 1844 aives,
235 1765 360 1832 eumad
384 1765 518 1831 oaloulos
541 1762 696 1846 ponendos
720 1766 839 1843 ooeunt,
864 1766 963 1829 certas
987 1767 1134 1847 quasdam
1157 1787 1226 1834 sen-

113 1873 229 1938 tentiae
253 1871 382 1949 habent,
413 1889 489 1952 quae
514 1857 623 1934 deinde
646 1868 813 1934 rationibus
835 1869 963 1935 redditis
990 1871 1143 1938 interdum
1166 1873 1226 1940 im·
1304 1879 1305 1888 ’

113 1980 300 2063 probantur?
335 1981 405 2044 utut
428 1996 500 2061 ergo
524 1977 561 2041 de
587 1975 685 2041 verbis
709 1967 789 2034 κατὰ
807 1967 864 2033 τὸν
881 1971 1040 2053 λογισμόν
1063 1978 1224 2058 iudioatur,

112 2089 253 2169 tempora
277 2087 396 2152 diversa
410 2085 516 2167 utique
531 2084 708 2150 misoentnr.
747 2084 780 2148 in
803 2086 978 2150 transomsu
993 2105 1100 2152 moneo
1116 2086 1225 2152 Weid-

111 2213 222 2260 nerum
251 2194 332 2276 quod
354 2194 476 2276 praeter
504 2192 580 2256 haee
603 2192 696 2258 verba
724 2192 818 2258 etiam
847 2185 955 2251 ἐνίοτε
977 2195 1104 2272 delevit,
1134 2194 1225 2260 simul

112 2303 275 2369 verborum
305 2318 428 2365 omnem
451 2299 637 2382 singularem
661 2300 723 2364 vim
739 2300 911 2366 extinxisse.
949 2301 1008 2366 hoe
1031 2301 1113 2366 enim
1134 2302 1225 2372 modo

112 2409 301 2492 distinguens
324 2397 493 2483 ἐρχόμεθα
509 2397 550 2484 δή
573 2421 639 2462 πον
658 2397 807 2481 οἴκοθεν,
831 2399 964 2478 ἔχοντες
986 2400 1092 2484 δόξας,
1116 2400 1223 2466 ἐνίοτε

118 2510 257 2596 ψευδεῖς
279 2503 359 2570 xood
378 2503 436 2568 udo
453 2504 614 2585 λογισμόν
637 2511 793 2594 soriptoris
809 2515 944 2578 menam
967 2513 1012 2578 sio
1032 2513 1223 2596 interpretor,

112 2625 149 2687 ut
178 2621 260 2687 dieat
288 2619 368 2684 aives
399 2618 488 2683 domo
512 2618 654 2682 exeuntes
683 2619 781 2682 sertas
810 2619 958 2700 quasdam
980 2620 1146 2686 sententias
1169 2621 1224 2688 ha·
1342 2611 1344 2616 ’

111 2729 195 2807 bere,-
219 2747 295 2810 quae
319 2725 345 2790 ai
367 2743 426 2789 non
444 2743 565 2807 semper
587 2728 621 2791 at
642 2724 796 2790 interdum
818 2727 923 2792 tamen
947 2725 1073 2792 oaloulis
1096 2725 1223 2810 singuiis

111 2833 221 2916 positis
251 2825 321 2912 (hoo
350 2831 431 2898 enim
458 2831 611 2914 signifieat
638 2831 800 2916 singularis
828 2828 984 2906 numerus)
1012 2833 1223 2914 improbantur

110 2942 203 3021 atque
226 2939 404 3006 refutantur.
429 2975 472 2986 -

201 3047 269 3110 Iam
296 3045 329 3110 in
358 3064 394 3110 eo
423 3044 504 3126 qnod
526 3043 692 3108 Aeschines
721 3044 912 3126 exceptiones
941 3047 994 3110 aut
1019 3045 1085 3126 ipse
1115 3045 1223 3110 statuit

110 3154 166 3216 aut
194 3151 233 3217 ab
260 3151 327 3216 aliis
355 3150 452 3222 faotas
481 3149 583 3232 fingit,
610 3147 727 3214 similis
760 3150 945 3216 consuetudo
975 3151 1137 3232 oonspioua
1165 3152 1221 3216 est.

111 3259 184 3324 nam
207 3257 265 3322 hae
287 3276 405 3339 quoque
428 3256 544 3321 ratione
574 3254 648 3336 quid
669 3255 734 3337 ipse
756 3255 887 3335 indioet‚
915 3257 1085 3340 patefaoere
1109 3258 1220 3324 studet.

111 3365 194 3446 quod
218 3384 314 3449 genus
331 3365 448 3430 duobus
464 3361 610 3446 exemplis
633 3363 782 3440 tentabo,
807 3381 934 3443 qnorum
957 3363 1089 3428 alterum
1110 3362 1223 3446 legitur

111 3469 132 3546 ξ
150 3470 225 3537 175.
264 3470 384 3536 oodiees
406 3470 568 3553 perhibent
590 3470 678 3534 haee:
704 3458 722 3524 ὃ
747 3461 806 3548 γὰρ
823 3462 939 3527 Σόλων
963 3461 981 3527 o‘
1006 3461 1146 3536 παλαιὸς
1166 3487 1222 3529 νο-

111 3573 260 3657 μοθέτης
284 3571 320 3634 ἐν
344 3578 414 3644 τοῖς
436 3567 548 3642 αὐτοῖς
571 3568 750 3649 ἐπιτιμίοις
773 3566 862 3649 ᾤετο
878 3569 948 3632 δεῖν
966 3568 1141 3649 ἐνέχεσθαι
1163 3571 1221 3638 τὸν

110 3673 332 3760 ἀστράτευτον
361 3673 416 3740 καὶ
443 3673 502 3740 τὸν
529 3674 706 3740 λελοιπότα
737 3673 797 3762 τὴν
827 3675 920 3752 τάξιν
949 3673 1003 3740 καὶ
1026 3675 1085 3740 τὸν
1109 3676 1219 3744 δειλὸν

110 3780 252 3864 ὁμοίως·
276 3779 340 3848 εἰσὶ
364 3788 424 3868 γὰρ
448 3782 497 3870 (δὲ
513 3783 556 3870 el)
579 3779 632 3850 καὶ
649 3783 723 3864 (om.
739 3781 777 3868 l.)
799 3781 921 3858 δειλίας
945 3785 1077 3868 γραφαί.
1113 3786 1222 3850 καίτοι

111 3886 317 3970 θαυμάσειεν
341 3886 382 3952 ἄν
406 3911 453 3961 τις
477 3886 569 3972 ὑμῶν
593 3887 623 3954 εί
640 3887 723 3954 εἰσὶν
748 3889 878 3972 φάσεως
901 3894 1025 3975 γραφαί
1045 3889 1221 3975 (καίτοι-

112 3998 238 4082 γραφαί
251 4021 310 4068 om.
327 3994 379 4083 Α),
415 3993 510 4062 εἰσίν.
545 3999 634 4073 τίνος
650 3996 766 4074 dueum·
790 4001 830 4061 ἵν’
846 3995 982 4070 ἕκαστος
997 3994 1089 4085 ἡμῶν
1113 3994 1220 4086 (ὑμῶν

109 4101 153 4190 Β)
183 4100 240 4176 τὰς
269 4101 307 4166 ἐκ
335 4105 400 4166 τῶν
425 4101 538 4184 νόμων
571 4106 683 4191 ζημίας
713 4104 926 4190 φοβούμενος
948 4107 1075 4186 μᾶλλον
1099 4102 1122 4194 ἢ
1144 4106 1222 4174 τοὺς
1300 4193 1304 4200 ἡ

110 4213 293 4292 πολεμίους
315 4207 460 4291 ἀμείνων
484 4208 664 4300 ἀγωνιστὴς
693 4209 778 4296 ὑπὲρ
803 4215 859 4298 τῆς
883 4212 1038 4296 πατρίδος
1056 4213 1218 4299 γίγνηται,
