3128 5108
756 557 972 620 ..12-

316 731 354 795 τὰ
378 730 555 817 πυρίνους
582 737 781 808 νεωσοίκους
809 733 863 799 καὶ
886 735 946 821 τήν
975 733 1187 820 σκευοθήκην
1216 731 1418 817 ἀνεβάλοντο

315 837 368 902 διὰ
391 839 449 903 τὸν
466 839 616 922 πόλεμον
640 840 722 926 πρὸς
741 841 922 929 Φίλιππον,
946 839 1039 906 τὰδὲ
1059 840 1209 926 χρήματα
1224 837 1320 904 πάντ’
1335 837 1420 927 ἔψη.

315 947 456 1027 φίσαντο
473 939 559 1011 εἶναι
575 945 786 1034 στρατιωτικὰ
803 948 1043 1035 Δημοσθένους
1058 945 1251 1035 γράψαντος
1265 949 1419 1035 intellegit

314 1057 527 1122 sceuotbecam
558 1058 694 1124 Philonis
731 1059 947 1136 clarissimam3
985 1079 1061 1142 quae
1096 1059 1238 1141 quidem,
1276 1057 1420 1140 quoniam

314 1163 464 1244 antiquior
487 1155 578 1246 (quae
602 1185 627 1229 e.
645 1184 672 1230 c.
689 1166 778 1231 iuscr.
796 1167 893 1230 naval.
911 1166 953 1230 Xl
971 1166 1017 1232 lit.
1035 1187 1076 1230 m.
1099 1166 1178 1230 iuste
1202 1163 1375 1247 appellatur
1398 1151 1418 1241 ἦ

314 1259 432 1345 ἀρχαία
455 1282 521 1326 oa:
549 1271 724 1348 01.112,3
747 1271 914 1337 Ξ330129
938 1291 965 1335 a.
984 1264 1032 1351 Ο.)
1060 1272 1122 1336 iam
1150 1288 1211 1334 nou
1238 1268 1417 1346 sufficiebat,

315 1394 343 1440 a.
360 1376 423 1440 347
448 1375 602 1440 aedificari
625 1379 733 1458 coepta
750 1371 772 1457 ¹)
796 1377 850 1442 sed
872 1379 1041 1459 interrupta
1063 1395 1089 1442 a.
1109 1371 1255 1453 339l338
1277 1374 1417 1440 aedifica-

313 1481 394 1546 tione
418 1501 436 1546 a
458 1482 595 1564 Lycurgo
621 1481 743 1546 demum
766 1484 902 1565 perfecta
924 1487 979 1548 est.
1026 1483 1064 1549 cf.
1088 1481 1284 1565 plebiscitum
1308 1481 1418 1545 VitX

314 1590 403 1652 oratt.
420 1607 449 1669 p.
468 1588 534 1652 852
550 1606 566 1650 c
583 1590 614 1651 et
629 1588 743 1670 Hyper.
760 1587 795 1653 tr.
816 1590 875 1653 121
895 1589 1168 1671 supralaudatum.
1205 1579 1418 1666 σκευοθήκην

314 1712 383 1759 vero
399 1694 477 1757 banc
494 1697 524 1758 et
541 1689 740 1758 νεωσοίκους
757 1713 783 1760 a.
801 1690 925 1772 330l29
943 1717 971 1744 =
988 1695 1026 1760 ol.
1047 1697 1120 1785 112,
1137 1695 1157 1758 3
1173 1693 1309 1776 perfecta
1324 1692 1418 1756 fuisse

314 1791 372 1878 (of.
401 1800 523 1864 Boeckh
551 1801 571 1865 l.
594 1801 615 1867 l.
644 1820 674 1882 p.
696 1803 738 1868 68
755 1795 841 1884 sqq.)
872 1803 981 1868 docent
1008 1803 1113 1867 inscrr.
1143 1821 1211 1867 nav.
1236 1800 1280 1864 XI
1309 1790 1353 1880 (=
1376 1799 1416 1864 ol.

316 1906 388 1983 112,
402 1898 436 1984 3)
453 1925 531 1988 νοω,
557 1907 667 1989 quippe
684 1906 793 1989 quibus
816 1909 956 1974 omnibus
976 1909 1094 1972 numeri
1118 1901 1306 1964 νεωσοίκων
1331 1923 1419 1987 paros

314 2010 455 2088 edantur,
480 2030 550 2075 oum
574 2014 663 2077 antea
686 2012 848 2078 variaverit
870 2033 1021 2079 numerus.
1070 2013 1150 2096 quod
1173 2032 1247 2077 casu
1270 2008 1419 2076 accidisse

312 2116 427 2181 nemini
455 2117 599 2182 credibile
629 2119 695 2184 erit.
743 2119 815 2201 quid
843 2119 996 2200 amplius?
1035 2116 1168 2186 dubitari
1202 2116 1307 2197 nequit
1339 2117 1419 2180 banc

312 2223 523 2287 sceuothecam
546 2225 577 2287 et
598 2225 655 2288 hoc
678 2224 801 2289 neorion
822 2225 843 2290 i.
860 2244 885 2289 e.
902 2225 1009 2288 horum
1034 2218 1221 2283 νεωσοίκων
1245 2222 1419 2304 alyourgo

311 2328 514 2410 perfectorum
539 2329 698 2393 circuitum
721 2329 759 2392 ab
783 2332 900 2394 oratore
923 2330 1070 2412 intellegi.
1106 2348 1203 2411 neque
1228 2328 1280 2412 qui
1301 2327 1418 2391 factum

312 2434 361 2511 sit,
385 2437 421 2498 ut
442 2433 562 2499 omissis
585 2433 721 2499 articulis
745 2426 828 2513 (ante
852 2427 991 2515 νεωρίου
1015 2439 1046 2500 et
1064 2425 1292 2516 σκευοθήκην)
1316 2434 1416 2497 orator

311 2559 376 2604 rem
405 2539 595 2606 notissimam
625 2541 711 2623 quasi
734 2542 871 2607 obscuris
899 2541 1030 2606 tenebris
1054 2544 1187 2625 tegeret,
1219 2539 1342 2604 difficile
1371 2538 1418 2602 est

311 2646 483 2711 intellectu:
500 2647 589 2713 licuit
603 2665 674 2712 sane
691 2647 801 2713 oratori
816 2648 891 2712 baec
906 2647 973 2729 ipsa
989 2647 1126 2712 aedificia
1142 2648 1224 2711 certo
1242 2645 1414 2728 designare;

312 2750 391 2833 quod
415 2771 485 2817 vero
507 2753 595 2818 licuit
617 2754 788 2836 repudiavit
811 2753 944 2819 consiliis
966 2755 1072 2836 opinor
1094 2753 1234 2818 oratoriis
1255 2751 1369 2818 adduct
1407 2797 1413 2810 .

310 2877 381 2922 narn
404 2859 438 2921 ut
461 2859 620 2922 ostendam
644 2858 718 2941 quid
742 2857 925 2923 discriminis
948 2859 1077 2938 intersit,
1102 2858 1202 2923 verbis
1225 2855 1339 2922 talibus
1363 2842 1415 2911 καὶ

310 2954 347 3019 τὸ
371 2956 510 3041 νεώριον
535 2953 590 3020 καὶ
612 2954 669 3042 τὴν
688 2954 899 3044 σκευοθήκην
917 2954 1111 3038 ᾠκοδόμουν
1134 2982 1237 3028 rerum
1260 2958 1414 3042 scriptoris

309 3068 412 3151 potius
433 3067 509 3134 fides
526 3071 689 3150 comparet,
716 3067 853 3150 quirem
876 3072 996 3134 enarrat
1017 3072 1053 3133 ut
1075 3071 1149 3147 erat,
1173 3068 1220 3132 bis
1243 3084 1313 3132 vero
1338 3056 1413 3121 oroi.

311 3191 384 3253 ριον
415 3164 470 3232 καὶ
497 3166 709 3254 σκευοθήκην
739 3165 934 3248 ᾠκοδόμουν
963 3174 1089 3240 oratoris
1115 3178 1224 3239 natura
1253 3170 1416 3254 conspicua

310 3283 366 3359 est,
391 3280 443 3361 qui
459 3281 584 3345 eandem
601 3300 675 3358 rem,
700 3282 735 3344 ut
749 3281 916 3346 utilitatem
932 3281 1108 3363 adoptatam
1130 3280 1250 3357 babeat,
1275 3281 1415 3342 nontam

310 3386 432 3468 exponit
454 3389 593 3451 accurate
618 3405 707 3470 quam
737 3385 943 3468 amplificandi
965 3389 1066 3453 studio
1091 3389 1181 3468 atque
1213 3383 1344 3469 augendi
1366 3384 1413 3447 in·

311 3492 439 3576 dulgens
462 3493 493 3557 in
518 3493 698 3558 senteutiam
722 3493 856 3558 deflectit
878 3496 1064 3560 universam:
1106 3494 1150 3577 pa
1172 3493 1215 3558 sie
1240 3491 1358 3574 stiegeu
1380 3508 1412 3554 so

309 3598 389 3662 boch
415 3599 446 3662 in
474 3580 558 3663 ibrer
578 3599 696 3676 machi,
728 3598 798 3664 dass
827 3600 869 3665 sie
894 3619 982 3684 sogar
1005 3600 1053 3665 eiu
1076 3599 1232 3664 neoriou
1261 3596 1324 3660 und
1347 3595 1413 3660 eine

310 3704 514 3770 skeuothek
537 3697 678 3769 bauten.“
720 3705 777 3768 boc
799 3703 893 3788 igitur
915 3725 984 3770 cum
1008 3703 1132 3769 minime
1157 3708 1258 3770 careat
1281 3702 1413 3786 explica-

308 3810 400 3888 tione,
425 3809 575 3874 dubitatio
598 3809 693 3873 oritur
714 3809 894 3893 gravissima
916 3811 1001 3890 inde,
1026 3809 1106 3893 quod
1130 3810 1259 3875 theorici
1282 3809 1413 3874 admini-
1509 3801 1514 3807 ’

309 3915 424 3980 strandi
443 3915 645 4000 ¹magistratus
660 3914 735 3979 baec
752 3915 889 3979 aedificia
912 3915 1086 3981 aedificasse
1108 3917 1183 3980 haut
1198 3916 1242 3980 ita
1257 3915 1412 3998 probabile
1432 3983 1434 3990 ,

383 4156 403 4224 ¹)
422 4159 454 4213 cf.
473 4160 607 4214 Fabricius
631 4160 697 4223 „Die
717 4159 860 4214 skeuothelr
878 4159 924 4214 des
943 4159 1046 4224 Philon,
1071 4159 1117 4214 das
1136 4160 1267 4228 zeughaus
1287 4159 1332 4214 der
1351 4162 1413 4215 atti-

310 4247 389 4302 schen
408 4249 507 4300 marine
526 4250 553 4302 in
571 4249 639 4301 Zea“
659 4249 769 4302 Hermes
787 4249 865 4302 XVII
882 4251 943 4303 551.
965 4277 997 4291 -ν
