3128 5108
764 523 980 588 „44-

324 704 403 785 quod
427 705 458 768 ri
482 706 619 771 adhibita
642 703 896 789 μεθεστηκότων
926 711 1015 776 aliter
1043 714 1074 776 et
1096 732 1255 794 perperam
1278 713 1438 796 interpre-

323 812 419 889 tamn
444 803 717 892 ,εἰσεληλυθότος
741 817 924 898 corruptum,
949 807 996 881 εἰς
1011 808 1047 873 τὸ
1065 812 1238 896 συνέδριον
1261 819 1438 901 interpola-

322 917 407 980 tum“
438 917 584 984 iudicavit
612 912 674 999 (ed.
698 921 781 1002 Lips.
811 939 837 984 a.
865 923 948 988 1883
977 923 1070 1004 praef.
1094 943 1125 1007 p.
1149 915 1258 1002 XXII)
1294 925 1325 987 et
1352 924 1437 988 haec

323 1022 422 1088 verbis
444 1022 543 1088 inesse
564 1025 666 1106 posuit
688 1023 768 1103 („De
793 1026 921 1091 decretis
935 1023 1212 1111 Amphictyonum“
1238 1029 1321 1112 Lips.
1342 1030 1436 1094 1844

322 1148 352 1210 p.
370 1128 413 1192 32
430 1128 594 1195 Weidnero
611 1124 718 1211 teste):
748 1131 837 1208 „dum
856 1132 955 1197 dicere
978 1133 1079 1198 ordior
1101 1136 1131 1198 ot
1146 1135 1247 1199 nescio
1265 1154 1323 1218 quo
1338 1138 1435 1218 pacto

323 1234 413 1316 paulo
441 1235 648 1301 vehementius
678 1237 843 1302 orationem
870 1237 1023 1321 ingredior
1050 1259 1120 1304 oum
1144 1239 1236 1303 ceteri
1265 1241 1434 1324 pylagorae

324 1335 549 1406 secessissent“.
589 1341 744 1406 Hamalrer
767 1333 839 1420 (1.1.
857 1364 886 1426 p.
906 1337 961 1425 11)
985 1344 1093 1411 deinde
1117 1348 1231 1411 ceteros
1255 1346 1432 1429 pytagorae

324 1466 417 1528 quum
444 1446 575 1511 maxime
602 1465 679 1511 unus
707 1466 742 1510 ex
764 1467 868 1512 eorum
890 1469 1015 1515 numero
1042 1452 1135 1517 verba
1162 1452 1200 1516 ad
1228 1471 1280 1516 eos
1302 1451 1430 1530 faceret,

324 1551 439 1616 curiam
461 1552 620 1634 reliquisse
644 1544 928 1636 (μεθεστηκότων)
952 1557 1094 1638 quoniam
1110 1555 1287 1621 incredibile
1304 1555 1353 1635 sit,
1378 1569 1432 1613 σε·

324 1651 504 1737 σιγηκότων
521 1657 645 1741 corrigit
659 1678 695 1723 ex
706 1655 961 1741 μεθεστηκότων
977 1661 1161 1726 correctione
1176 1661 1302 1726 minime
1318 1663 1432 1744 proba-

323 1762 388 1828 bili.
413 1763 558 1828 Weidner
580 1764 710 1847 denique
726 1765 809 1846 prins
833 1767 955 1848 quidem
977 1767 1077 1832 verbis
1100 1767 1174 1850 ipsis
1197 1786 1256 1831 non
1279 1767 1430 1848 expeditis

324 1867 504 1934 sententiam
531 1867 563 1932 in
586 1868 665 1933 huno
687 1871 812 1935 modum
842 1864 934 1951 (corn.
960 1872 1006 1938 ed.
1030 1872 1112 1955 Lips.
1137 1874 1229 1938 adh.
1253 1865 1290 1953 1.)
1320 1873 1429 1937 adum-

323 1975 437 2041 bravit:
475 1973 625 2057 „primurn
653 1975 733 2057 apud
761 1977 1000 2061 Amphictyonas
1029 1978 1082 2042 ubi
1111 1981 1310 2044 convenerant
1339 1979 1429 2043 verba

323 2083 421 2146 faeere
456 2085 597 2163 coeperat
630 2082 805 2147 Aeschines.
867 2084 937 2148 inde
973 2084 1176 2148 discesserunt
1209 2083 1241 2148 in
1275 2087 1429 2150 secretum

323 2187 481 2252 consilium
506 2177 684 2265 (εἰσελθεῖν
709 2179 754 2252 εἰς
777 2189 811 2245 τό
840 2182 1038 2269 συνέδριον).
1085 2189 1129 2255 ibi
1152 2208 1221 2254 cum
1245 2187 1338 2254 ceteri
1361 2209 1431 2254 ora·
1471 2203 1475 2212 ·

322 2295 402 2358 tores
426 2292 634 2357 discessissent
662 2283 715 2372 (ad
742 2313 797 2358 sua
824 2295 949 2378 quisque
978 2288 1170 2377 subsediaP)‚
1199 2297 1363 2377 antequam
1392 2296 1430 2360 de

322 2399 387 2462 iure
410 2397 659 2463 caerimoniarum
689 2400 738 2482 agi
762 2403 905 2483 coeptum
928 2402 1016 2478 esset,
1046 2400 1274 2482 Amphissensis
1303 2399 1431 2482 quidam

322 2504 436 2586 prodiit
458 2506 548 2586 atque
565 2503 796 2570 Atheniensium
819 2506 937 2589 legatos
962 2506 1058 2569 arceri
1079 2505 1207 2570 voluit“.
1254 2525 1334 2570 nunc
1357 2525 1431 2571 vero

323 2611 552 2676 difficultatibus
585 2610 666 2675 intra
693 2631 744 2676 sex
772 2631 917 2677 annorum
945 2612 1078 2693 spatium
1113 2610 1209 2675 auctis
1243 2629 1320 2692 quae
1349 2611 1429 2676 ratio

322 2717 422 2782 verbis
448 2706 636 2793 όρχομὲνου
660 2711 697 2772 δέ
723 2733 789 2791 μου
816 2711 922 2798 λέγειν
951 2736 1021 2780 cum
1049 2717 1106 2793 eis,
1137 2735 1212 2799 quae
1242 2718 1426 2799 sequuntur:

324 2814 577 2903 εἰσεληλυθότος
617 2812 663 2887 εἰς
696 2814 730 2879 τό
766 2817 938 2899 συνέδριον
973 2822 1187 2900 intercederet,
1224 2841 1260 2885 ex
1293 2822 1427 2887 tenebris

324 2928 422 2992 adhuc
451 2947 511 2992 non
539 2928 658 2992 erutum
688 2947 753 2993 esse
781 2929 938 2994 contendit
967 2919 1027 3008 (ed.
1051 2928 1098 2992 ΠΙ
1124 2919 1250 3008 ΒεεοΙ.).
1303 2927 1427 3009 exposui

323 3033 456 3099 virorum
477 3034 635 3098 doctorum
651 3034 825 3099 sententias,
864 3035 985 3117 iamque
1001 3033 1072 3114 quid
1088 3032 1152 3114 ipse
1168 3031 1312 3111 iudicem,
1335 3033 1428 3097 liceat

323 3140 400 3204 mihi
422 3159 597 3223 proponere.
645 3141 735 3222 atque
758 3141 856 3204 vanas
880 3160 949 3206 suas
975 3139 1011 3204 de
1033 3139 1090 3203 hoo
1112 3138 1180 3203 loco
1204 3137 1369 3202 sententias
1392 3139 1426 3200 ut

324 3249 499 3325 statuerent,
518 3245 572 3310 viri
589 3244 670 3309 docti
683 3264 717 3309 eo
732 3246 926 3328 potissimum
942 3264 1040 3309 errore
1057 3243 1180 3308 adducti
1196 3262 1260 3307 esse
1277 3242 1424 3319 ridentur,

323 3351 355 3415 in
377 3370 468 3432 quem
485 3371 669 3434 quamquam
692 3351 841 3434 reliquam
865 3351 1032 3415 orationem
1054 3369 1115 3414 non
1130 3348 1251 3413 edocuit
1275 3349 1423 3431 quomodo

325 3457 492 3541 expediret,
521 3456 610 3521 Blass
638 3448 740 3535 (Burs.
770 3455 1005 3538 iahresberichte
1032 3453 1115 3519 1880
1143 3474 1172 3536 p.
1198 3447 1276 3535 205)
1308 3474 1425 3536 quoque

323 3563 440 3640 incidit,
465 3563 544 3643 quod
560 3562 601 3627 ad
615 3581 710 3626 unum
725 3581 828 3626 omnes
852 3552 1109 3637 προθυμότερόν
1127 3575 1195 3624 nere
1217 3561 1256 3625 ad
1272 3559 1428 3642 sequentia

324 3667 417 3732 verba
450 3668 600 3749 pertinere
635 3666 815 3732 iudicarunt.
869 3685 944 3749 quae
974 3665 1067 3729 verba
1095 3683 1111 3728 e
1140 3665 1288 3730 contrario
1324 3665 1425 3729 nullus

326 3772 430 3837 dubito
470 3773 648 3838 contendere
680 3773 717 3836 ab
752 3775 868 3836 oratore
904 3772 942 3836 ad
976 3771 1077 3855 priora
1110 3771 1198 3836 adici.
1255 3772 1312 3835 hoo
1347 3770 1428 3835 enirn

325 3877 454 3958 scriptor
481 3898 529 3943 me
557 3878 656 3943 indice
686 3876 774 3941 dicit:
814 3873 909 3954 „Cum
932 3895 1002 3941 vero
1031 3895 1115 3941 orare
1142 3875 1308 3957 inciperem
1337 3878 1427 3958 atque
1540 3867 1541 3894 ¹

325 3982 532 4060 vehementius
556 3983 678 4066 quidem
701 3985 732 4048 et
754 3981 927 4062 studiosius,
953 3982 1032 4063 quod
1055 3981 1199 4046 nimirum
1221 3981 1252 4045 in
1268 3981 1428 4046 consilium

325 4087 509 4152 intraveram
523 4091 600 4167 tum,
625 4109 695 4154 cum
711 4089 803 4153 ceteri
819 4089 981 4172 pylagorae
996 4088 1059 4151 iam
1074 4080 1292 4152 secesserant“.
1328 4084 1427 4156 verbis
1540 4077 1541 4104 ¹

325 4183 579 4274 εἰσεληλυθότος
594 4184 639 4260 εἰς
663 4186 697 4251 τό
717 4187 888 4273 συνέδριον
912 4190 976 4251 τῶν
1001 4183 1108 4250 ἄλλων
1133 4185 1324 4269 πυλαγόρων
1348 4187 1429 4267 μεθ-
