<?xml version="1.0" encoding="UTF-8"?>
<!DOCTYPE html PUBLIC "-//W3C//DTD XHTML 1.0 Transitional//EN"
    "http://www.w3.org/TR/xhtml1/DTD/xhtml1-transitional.dtd">
<html xmlns="http://www.w3.org/1999/xhtml" xml:lang="en" lang="en">
 <head>
  <title>
</title>
<meta http-equiv="Content-Type" content="text/html;charset=utf-8" />
  <meta name='ocr-system' content='tesseract 3.04.00' />
  <meta name='ocr-capabilities' content='ocr_page ocr_carea ocr_par ocr_line ocrx_word'/>
</head>
<body>
  <div class='ocr_page' id='page_1' title='image "./quaestionesaesc00tschgoog_0048.png"; bbox 0 0 3128 5108; ppageno 0'>
   <div class='ocr_carea' id='block_1_1' title="bbox 575 523 788 586">
    <p class='ocr_par' dir='ltr' id='par_1_1' title="bbox 575 523 788 586">
     <span class='ocr_line' id='line_1_1' title="bbox 575 523 788 586; baseline -0.038 -18"><span class='ocrx_word' id='word_1_1' title='bbox 575 523 788 586; x_wconf 73' lang='grc'><strong><em>..43-</em></strong></span> 
     </span>
    </p>
   </div>
   <div class='ocr_carea' id='block_1_2' title="bbox 106 705 1240 1430">
    <p class='ocr_par' dir='ltr' id='par_1_2' title="bbox 106 705 1240 1430">
     <span class='ocr_line' id='line_1_2' title="bbox 106 705 1235 791; baseline -0.003 -18"><span class='ocrx_word' id='word_1_2' title='bbox 106 709 287 791; x_wconf 90' lang='lat' dir='ltr'><strong>probabile</strong></span> <span class='ocrx_word' id='word_1_3' title='bbox 310 709 355 788; x_wconf 80' lang='lat' dir='ltr'><strong>fit,</strong></span> <span class='ocrx_word' id='word_1_4' title='bbox 380 727 434 791; x_wconf 89' lang='lat' dir='ltr'><strong>pro</strong></span> <span class='ocrx_word' id='word_1_5' title='bbox 458 708 599 774; x_wconf 92' lang='lat' dir='ltr'><strong>insiticiis</strong></span> <span class='ocrx_word' id='word_1_6' title='bbox 624 708 661 773; x_wconf 91' lang='lat' dir='ltr'><strong>ob</strong></span> <span class='ocrx_word' id='word_1_7' title='bbox 677 708 839 774; x_wconf 85' lang='lat' dir='ltr'><strong>verborum</strong></span> <span class='ocrx_word' id='word_1_8' title='bbox 862 705 1235 774; x_wconf 79' lang='lat' dir='ltr'><strong>collocationem&#39;mioime</strong></span> 
     </span>
     <span class='ocr_line' id='line_1_3' title="bbox 111 812 1236 895; baseline -0.002 -17"><span class='ocrx_word' id='word_1_9' title='bbox 111 814 271 880; x_wconf 87' lang='lat' dir='ltr'><strong>habenda</strong></span> <span class='ocrx_word' id='word_1_10' title='bbox 295 833 359 880; x_wconf 89' lang='lat' dir='ltr'><strong>esse</strong></span> <span class='ocrx_word' id='word_1_11' title='bbox 384 813 448 878; x_wconf 91' lang='lat' dir='ltr'><strong>sine</strong></span> <span class='ocrx_word' id='word_1_12' title='bbox 473 813 563 878; x_wconf 90' lang='lat' dir='ltr'><strong>dubio</strong></span> <span class='ocrx_word' id='word_1_13' title='bbox 588 813 726 880; x_wconf 88' lang='lat' dir='ltr'><strong>efficitur.</strong></span> <span class='ocrx_word' id='word_1_14' title='bbox 775 812 854 895; x_wconf 89' lang='lat' dir='ltr'><strong>quod</strong></span> <span class='ocrx_word' id='word_1_15' title='bbox 877 831 949 878; x_wconf 89' lang='lat' dir='ltr'><strong>vero</strong></span> <span class='ocrx_word' id='word_1_16' title='bbox 977 813 1030 878; x_wconf 90' lang='lat' dir='ltr'><strong>ille</strong></span> <span class='ocrx_word' id='word_1_17' title='bbox 1053 812 1099 876; x_wconf 87' lang='lat' dir='ltr'><strong>vir</strong></span> <span class='ocrx_word' id='word_1_18' title='bbox 1129 812 1236 878; x_wconf 89' lang='lat' dir='ltr'><strong>doctus</strong></span> 
     </span>
     <span class='ocr_line' id='line_1_4' title="bbox 116 908 1235 1002; baseline -0.002 -18"><span class='ocrx_word' id='word_1_19' title='bbox 116 939 206 998; x_wconf 86' lang='lat' dir='ltr'><strong>„neo</strong></span> <span class='ocrx_word' id='word_1_20' title='bbox 229 920 379 1002; x_wconf 84' lang='lat' dir='ltr'>pluralem</span> <span class='ocrx_word' id='word_1_21' title='bbox 394 918 526 983; x_wconf 89' lang='lat' dir='ltr'><strong>nominis</strong></span> <span class='ocrx_word' id='word_1_22' title='bbox 550 908 727 996; x_wconf 82' lang='grc' dir='ltr'><em>ἡγεμονίας</em></span> <span class='ocrx_word' id='word_1_23' title='bbox 748 938 805 984; x_wconf 89' lang='lat' dir='ltr'><strong>uec</strong></span> <span class='ocrx_word' id='word_1_24' title='bbox 820 918 905 984; x_wconf 83' lang='lat' dir='ltr'><strong>verbi</strong></span> <span class='ocrx_word' id='word_1_25' title='bbox 920 917 1134 1002; x_wconf 86' lang='lat' dir='ltr'><strong>imperfectum</strong></span> <span class='ocrx_word' id='word_1_26' title='bbox 1151 937 1235 984; x_wconf 92' lang='lat' dir='ltr'><strong>com-</strong></span> 
     </span>
     <span class='ocr_line' id='line_1_5' title="bbox 110 1023 1235 1109; baseline -0.004 -19"><span class='ocrx_word' id='word_1_27' title='bbox 110 1025 218 1090; x_wconf 88' lang='lat' dir='ltr'><strong>mode</strong></span> <span class='ocrx_word' id='word_1_28' title='bbox 235 1024 379 1109; x_wconf 85' lang='lat' dir='ltr'><strong>explicari</strong></span> <span class='ocrx_word' id='word_1_29' title='bbox 401 1025 507 1106; x_wconf 77' lang='lat' dir='ltr'><strong>posse“</strong></span> <span class='ocrx_word' id='word_1_30' title='bbox 536 1025 699 1090; x_wconf 78' lang='lat' dir='ltr'><strong>arbitratus</strong></span> <span class='ocrx_word' id='word_1_31' title='bbox 717 1028 772 1104; x_wconf 86' lang='lat' dir='ltr'><strong>est,</strong></span> <span class='ocrx_word' id='word_1_32' title='bbox 797 1024 884 1089; x_wconf 86' lang='lat' dir='ltr'><strong>valde</strong></span> <span class='ocrx_word' id='word_1_33' title='bbox 908 1023 1029 1090; x_wconf 81' lang='lat' dir='ltr'><strong>erravit.</strong></span> <span class='ocrx_word' id='word_1_34' title='bbox 1060 1042 1131 1089; x_wconf 91' lang='lat' dir='ltr'><strong>nam</strong></span> <span class='ocrx_word' id='word_1_35' title='bbox 1155 1023 1235 1106; x_wconf 90' lang='lat' dir='ltr'><strong>quod</strong></span> 
     </span>
     <span class='ocr_line' id='line_1_6' title="bbox 114 1129 1238 1211; baseline -0.003 -15"><span class='ocrx_word' id='word_1_36' title='bbox 114 1134 157 1196; x_wconf 85' lang='lat' dir='ltr'><strong>et</strong></span> <span class='ocrx_word' id='word_1_37' title='bbox 182 1132 221 1195; x_wconf 90' lang='lat' dir='ltr'><strong>de</strong></span> <span class='ocrx_word' id='word_1_38' title='bbox 245 1149 370 1196; x_wconf 92' lang='lat' dir='ltr'><strong>numero</strong></span> <span class='ocrx_word' id='word_1_39' title='bbox 395 1133 426 1194; x_wconf 92' lang='lat' dir='ltr'><strong>et</strong></span> <span class='ocrx_word' id='word_1_40' title='bbox 449 1130 485 1194; x_wconf 88' lang='lat' dir='ltr'><strong>de</strong></span> <span class='ocrx_word' id='word_1_41' title='bbox 507 1133 643 1211; x_wconf 88' lang='lat' dir='ltr'><strong>tempore</strong></span> <span class='ocrx_word' id='word_1_42' title='bbox 667 1129 756 1208; x_wconf 86' lang='lat' dir='ltr'><strong>dicit,</strong></span> <span class='ocrx_word' id='word_1_43' title='bbox 785 1149 883 1194; x_wconf 91' lang='lat' dir='ltr'><strong>noune</strong></span> <span class='ocrx_word' id='word_1_44' title='bbox 907 1131 964 1194; x_wconf 91' lang='lat' dir='ltr'><strong>hoc</strong></span> <span class='ocrx_word' id='word_1_45' title='bbox 992 1129 1075 1194; x_wconf 88' lang='lat' dir='ltr'><strong>idem</strong></span> <span class='ocrx_word' id='word_1_46' title='bbox 1097 1132 1130 1194; x_wconf 90' lang='lat' dir='ltr'><strong>in</strong></span> <span class='ocrx_word' id='word_1_47' title='bbox 1152 1130 1238 1193; x_wconf 88' lang='lat' dir='ltr'><strong>ante-</strong></span> 
     </span>
     <span class='ocr_line' id='line_1_7' title="bbox 117 1224 1238 1316; baseline -0.009 -14"><span class='ocrx_word' id='word_1_48' title='bbox 117 1236 270 1304; x_wconf 75' lang='lat' dir='ltr'>cedentia</span> <span class='ocrx_word' id='word_1_49' title='bbox 292 1236 399 1301; x_wconf 86' lang='lat' dir='ltr'><strong>verba:</strong></span> <span class='ocrx_word' id='word_1_50' title='bbox 423 1225 479 1293; x_wconf 83' lang='grc' dir='ltr'><strong>καὶ</strong></span> <span class='ocrx_word' id='word_1_51' title='bbox 503 1227 541 1292; x_wconf 85' lang='grc' dir='ltr'><strong>τὰ</strong></span> <span class='ocrx_word' id='word_1_52' title='bbox 565 1229 709 1315; x_wconf 85' lang='grc' dir='ltr'><em>δημόσια</em></span> <span class='ocrx_word' id='word_1_53' title='bbox 733 1229 883 1316; x_wconf 79' lang='grc' dir='ltr'><em>χρήματα</em></span> <span class='ocrx_word' id='word_1_54' title='bbox 906 1229 1076 1312; x_wconf 73' lang='grc' dir='ltr'><em>διεχείριζε</em></span> <span class='ocrx_word' id='word_1_55' title='bbox 1100 1224 1154 1292; x_wconf 85' lang='grc' dir='ltr'><strong>καὶ</strong></span> <span class='ocrx_word' id='word_1_56' title='bbox 1170 1227 1238 1292; x_wconf 76' lang='grc' dir='ltr'><em>ἐστι·</em></span> 
     </span>
     <span class='ocr_line' id='line_1_8' title="bbox 118 1334 1240 1430; baseline -0.002 -22"><span class='ocrx_word' id='word_1_57' title='bbox 118 1335 230 1420; x_wconf 78' lang='grc' dir='ltr'><strong><em>βολὰς</em></strong></span> <span class='ocrx_word' id='word_1_58' title='bbox 257 1335 414 1419; x_wconf 74' lang='grc' dir='ltr'><strong><em>ἐπέβαλλε</em></strong></span> <span class='ocrx_word' id='word_1_59' title='bbox 443 1341 547 1406; x_wconf 86' lang='lat' dir='ltr'><strong>cadit?</strong></span> <span class='ocrx_word' id='word_1_60' title='bbox 591 1360 675 1430; x_wconf 89' lang='lat' dir='ltr'><strong>nam</strong></span> <span class='ocrx_word' id='word_1_61' title='bbox 704 1341 846 1422; x_wconf 89' lang='lat' dir='ltr'><strong>quoniam</strong></span> <span class='ocrx_word' id='word_1_62' title='bbox 875 1334 1110 1425; x_wconf 69' lang='lat' dir='ltr'><strong>magistratuum</strong></span> <span class='ocrx_word' id='word_1_63' title='bbox 1139 1340 1240 1406; x_wconf 88' lang='lat' dir='ltr'><strong>officia</strong></span> 
     </span>
    </p>
   </div>
   <div class='ocr_carea' id='block_1_3' title="bbox 70 1445 1314 4273">
    <p class='ocr_par' dir='ltr' id='par_1_3' title="bbox 70 1445 1244 2479">
     <span class='ocr_line' id='line_1_9' title="bbox 121 1445 1239 1533; baseline -0.004 -19"><span class='ocrx_word' id='word_1_64' title='bbox 121 1449 251 1533; x_wconf 84' lang='lat' dir='ltr'><strong>singula</strong></span> <span class='ocrx_word' id='word_1_65' title='bbox 274 1448 445 1526; x_wconf 83' lang='lat' dir='ltr'><strong>enumerat,</strong></span> <span class='ocrx_word' id='word_1_66' title='bbox 476 1449 576 1512; x_wconf 88' lang='lat' dir='ltr'><strong>orator</strong></span> <span class='ocrx_word' id='word_1_67' title='bbox 603 1445 793 1513; x_wconf 85' lang='lat' dir='ltr'><strong>iterationem</strong></span> <span class='ocrx_word' id='word_1_68' title='bbox 822 1446 1034 1530; x_wconf 80' lang='lat' dir='ltr'><strong>designaturus</strong></span> <span class='ocrx_word' id='word_1_69' title='bbox 1062 1445 1239 1528; x_wconf 85' lang='lat' dir='ltr'><strong>imperfecto</strong></span> 
     </span>
     <span class='ocr_line' id='line_1_10' title="bbox 121 1543 1241 1635; baseline -0.013 -16"><span class='ocrx_word' id='word_1_70' title='bbox 121 1555 241 1630; x_wconf 88' lang='lat' dir='ltr'><strong>utitnr;</strong></span> <span class='ocrx_word' id='word_1_71' title='bbox 265 1552 415 1635; x_wconf 87' lang='lat' dir='ltr'><strong>pluralem</strong></span> <span class='ocrx_word' id='word_1_72' title='bbox 432 1571 501 1616; x_wconf 88' lang='lat' dir='ltr'><strong>vero</strong></span> <span class='ocrx_word' id='word_1_73' title='bbox 525 1571 685 1616; x_wconf 92' lang='lat' dir='ltr'><strong>numerum</strong></span> <span class='ocrx_word' id='word_1_74' title='bbox 707 1543 882 1631; x_wconf 66' lang='lat' dir='ltr'><strong>trebonius</strong></span> <span class='ocrx_word' id='word_1_75' title='bbox 905 1546 1133 1632; x_wconf 70' lang='grc' dir='ltr'><em>δικαστηρίων,</em></span> <span class='ocrx_word' id='word_1_76' title='bbox 1159 1550 1241 1633; x_wconf 76' lang='lat' dir='ltr'><strong>quod</strong></span> 
     </span>
     <span class='ocr_line' id='line_1_11' title="bbox 126 1649 1240 1742; baseline -0.004 -17"><span class='ocrx_word' id='word_1_77' title='bbox 126 1658 254 1742; x_wconf 89' lang='lat' dir='ltr'><strong>singula</strong></span> <span class='ocrx_word' id='word_1_78' title='bbox 276 1656 390 1722; x_wconf 90' lang='lat' dir='ltr'><strong>iudicia</strong></span> <span class='ocrx_word' id='word_1_79' title='bbox 413 1657 540 1742; x_wconf 90' lang='lat' dir='ltr'><strong>singulis</strong></span> <span class='ocrx_word' id='word_1_80' title='bbox 564 1649 732 1733; x_wconf 75' lang='grc' dir='ltr'><em>ἐπιβολαῖς</em></span> <span class='ocrx_word' id='word_1_81' title='bbox 755 1656 852 1722; x_wconf 89' lang='lat' dir='ltr'><strong>voluit</strong></span> <span class='ocrx_word' id='word_1_82' title='bbox 874 1656 1069 1739; x_wconf 79' lang='lat' dir='ltr'><strong>respondere,</strong></span> <span class='ocrx_word' id='word_1_83' title='bbox 1102 1656 1240 1721; x_wconf 90' lang='lat' dir='ltr'><strong>consulto</strong></span> 
     </span>
     <span class='ocr_line' id='line_1_12' title="bbox 125 1762 1240 1848; baseline 0 -20"><span class='ocrx_word' id='word_1_84' title='bbox 125 1763 243 1848; x_wconf 86' lang='lat' dir='ltr'><strong>posuit.</strong></span> <span class='ocrx_word' id='word_1_85' title='bbox 284 1762 467 1846; x_wconf 79' lang='lat' dir='ltr'><strong>quinamque</strong></span> <span class='ocrx_word' id='word_1_86' title='bbox 491 1762 572 1826; x_wconf 89' lang='lat' dir='ltr'><strong>enim</strong></span> <span class='ocrx_word' id='word_1_87' title='bbox 586 1763 717 1828; x_wconf 88' lang='lat' dir='ltr'><strong>multam</strong></span> <span class='ocrx_word' id='word_1_88' title='bbox 739 1762 915 1845; x_wconf 85' lang='lat' dir='ltr'><strong>impositam</strong></span> <span class='ocrx_word' id='word_1_89' title='bbox 938 1764 1053 1828; x_wconf 89' lang='lat' dir='ltr'><strong>solvere</strong></span> <span class='ocrx_word' id='word_1_90' title='bbox 1069 1762 1240 1840; x_wconf 77' lang='lat' dir='ltr'><strong>recusabat,</strong></span> 
     </span>
     <span class='ocr_line' id='line_1_13' title="bbox 128 1868 1240 1950; baseline 0 -16"><span class='ocrx_word' id='word_1_91' title='bbox 128 1871 165 1934; x_wconf 93' lang='lat' dir='ltr'><strong>in</strong></span> <span class='ocrx_word' id='word_1_92' title='bbox 189 1868 337 1934; x_wconf 90' lang='lat' dir='ltr'><strong>iudicium</strong></span> <span class='ocrx_word' id='word_1_93' title='bbox 360 1870 425 1932; x_wconf 89' lang='lat' dir='ltr'><strong>erat</strong></span> <span class='ocrx_word' id='word_1_94' title='bbox 449 1868 615 1947; x_wconf 89' lang='lat' dir='ltr'><strong>vocandus,</strong></span> <span class='ocrx_word' id='word_1_95' title='bbox 643 1871 678 1932; x_wconf 89' lang='lat' dir='ltr'><strong>ut</strong></span> <span class='ocrx_word' id='word_1_96' title='bbox 703 1868 783 1950; x_wconf 90' lang='lat' dir='ltr'><strong>qnod</strong></span> <span class='ocrx_word' id='word_1_97' title='bbox 805 1868 928 1934; x_wconf 91' lang='lat' dir='ltr'><strong>nolebat</strong></span> <span class='ocrx_word' id='word_1_98' title='bbox 950 1869 1049 1933; x_wconf 89' lang='lat' dir='ltr'><strong>facere</strong></span> <span class='ocrx_word' id='word_1_99' title='bbox 1074 1869 1240 1950; x_wconf 79' lang='lat' dir='ltr'><strong>cogeretur.</strong></span> 
     </span>
     <span class='ocr_line' id='line_1_14' title="bbox 127 1964 1242 2056; baseline -0.003 -14"><span class='ocrx_word' id='word_1_100' title='bbox 127 1975 214 2042; x_wconf 89' lang='lat' dir='ltr'><strong>unde</strong></span> <span class='ocrx_word' id='word_1_101' title='bbox 236 1973 404 2039; x_wconf 88' lang='lat' dir='ltr'><strong>officiorum</strong></span> <span class='ocrx_word' id='word_1_102' title='bbox 427 1992 465 2037; x_wconf 93' lang='lat' dir='ltr'><strong>ne</strong></span> <span class='ocrx_word' id='word_1_103' title='bbox 485 1974 566 2039; x_wconf 90' lang='lat' dir='ltr'><strong>hunc</strong></span> <span class='ocrx_word' id='word_1_104' title='bbox 583 1973 706 2056; x_wconf 91' lang='lat' dir='ltr'><strong>quidem</strong></span> <span class='ocrx_word' id='word_1_105' title='bbox 729 1973 880 2038; x_wconf 87' lang='lat' dir='ltr'><strong>ordinem:</strong></span> <span class='ocrx_word' id='word_1_106' title='bbox 905 1964 1061 2050; x_wconf 76' lang='grc' dir='ltr'><strong>ἐπιβολὰς</strong></span> <span class='ocrx_word' id='word_1_107' title='bbox 1084 1967 1242 2049; x_wconf 73' lang='grc' dir='ltr'><strong><em>ἐπέβαλλε</em></strong></span> 
     </span>
     <span class='ocr_line' id='line_1_15' title="bbox 131 2069 1243 2162; baseline 0.005 -24"><span class='ocrx_word' id='word_1_108' title='bbox 131 2071 192 2138; x_wconf 82' lang='grc' dir='ltr'><strong>καὶ</strong></span> <span class='ocrx_word' id='word_1_109' title='bbox 220 2073 437 2158; x_wconf 86' lang='grc' dir='ltr'><em>δικαστηρίων</em></span> <span class='ocrx_word' id='word_1_110' title='bbox 467 2069 642 2160; x_wconf 74' lang='grc' dir='ltr'><em>ἡγεμονίας</em></span> <span class='ocrx_word' id='word_1_111' title='bbox 670 2072 833 2156; x_wconf 76' lang='grc' dir='ltr'><strong>ἐλάμβανε</strong></span> <span class='ocrx_word' id='word_1_112' title='bbox 867 2078 963 2144; x_wconf 89' lang='lat' dir='ltr'><strong>ullam</strong></span> <span class='ocrx_word' id='word_1_113' title='bbox 990 2078 1243 2162; x_wconf 81' lang='lat' dir='ltr'><strong>vituperationem</strong></span> 
     </span>
     <span class='ocr_line' id='line_1_16' title="bbox 70 2184 1244 2268; baseline -0.004 -15"><span class='ocrx_word' id='word_1_114' title='bbox 70 2215 96 2244; x_wconf 89' lang='lat'><strong>.·</strong></span> <span class='ocrx_word' id='word_1_115' title='bbox 132 2187 239 2253; x_wconf 92' lang='lat' dir='ltr'><strong>subire</strong></span> <span class='ocrx_word' id='word_1_116' title='bbox 263 2185 355 2250; x_wconf 90' lang='lat' dir='ltr'><strong>simul</strong></span> <span class='ocrx_word' id='word_1_117' title='bbox 385 2186 493 2250; x_wconf 90' lang='lat' dir='ltr'><strong>elucet.</strong></span> <span class='ocrx_word' id='word_1_118' title='bbox 547 2185 663 2250; x_wconf 88' lang='lat' dir='ltr'><strong>accedit</strong></span> <span class='ocrx_word' id='word_1_119' title='bbox 687 2185 767 2266; x_wconf 89' lang='lat' dir='ltr'><strong>quod</strong></span> <span class='ocrx_word' id='word_1_120' title='bbox 795 2185 916 2264; x_wconf 88' lang='lat' dir='ltr'><strong>oratori,</strong></span> <span class='ocrx_word' id='word_1_121' title='bbox 944 2185 1095 2268; x_wconf 87' lang='lat' dir='ltr'><strong>siquidem</strong></span> <span class='ocrx_word' id='word_1_122' title='bbox 1124 2184 1244 2268; x_wconf 88' lang='lat' dir='ltr'><strong>singula</strong></span> 
     </span>
     <span class='ocr_line' id='line_1_17' title="bbox 131 2283 1242 2374; baseline -0.004 -16"><span class='ocrx_word' id='word_1_123' title='bbox 131 2293 293 2358; x_wconf 90' lang='lat' dir='ltr'><strong>enumerat</strong></span> <span class='ocrx_word' id='word_1_124' title='bbox 322 2289 435 2366; x_wconf 79' lang='lat' dir='ltr'><strong>officia,</strong></span> <span class='ocrx_word' id='word_1_125' title='bbox 465 2291 679 2374; x_wconf 88' lang='lat' dir='ltr'><strong>gravissimum</strong></span> <span class='ocrx_word' id='word_1_126' title='bbox 706 2309 816 2355; x_wconf 92' lang='lat' dir='ltr'><strong>munus</strong></span> <span class='ocrx_word' id='word_1_127' title='bbox 845 2293 877 2356; x_wconf 89' lang='lat' dir='ltr'><strong>et</strong></span> <span class='ocrx_word' id='word_1_128' title='bbox 904 2290 1061 2373; x_wconf 88' lang='lat' dir='ltr'><strong>proprium</strong></span> <span class='ocrx_word' id='word_1_129' title='bbox 1089 2283 1142 2370; x_wconf 84' lang='lat' dir='ltr'><strong>(cf.</strong></span> <span class='ocrx_word' id='word_1_130' title='bbox 1171 2291 1242 2372; x_wconf 79' lang='lat' dir='ltr'><strong>hys.</strong></span> 
     </span>
     <span class='ocr_line' id='line_1_18' title="bbox 131 2387 936 2479; baseline -0.005 -17"><span class='ocrx_word' id='word_1_131' title='bbox 131 2397 315 2463; x_wconf 87' lang='lat' dir='ltr'><strong>Nicomach.</strong></span> <span class='ocrx_word' id='word_1_132' title='bbox 341 2387 376 2474; x_wconf 91' lang='lat'><strong>3)</strong></span> <span class='ocrx_word' id='word_1_133' title='bbox 399 2396 540 2460; x_wconf 88' lang='lat' dir='ltr'><strong>omittere</strong></span> <span class='ocrx_word' id='word_1_134' title='bbox 562 2415 599 2460; x_wconf 92' lang='lat' dir='ltr'><strong>ne</strong></span> <span class='ocrx_word' id='word_1_135' title='bbox 623 2396 711 2462; x_wconf 89' lang='lat' dir='ltr'><strong>licuit</strong></span> <span class='ocrx_word' id='word_1_136' title='bbox 733 2395 868 2479; x_wconf 91' lang='lat' dir='ltr'><strong>quidem.</strong></span> <span class='ocrx_word' id='word_1_137' title='bbox 894 2429 936 2436; x_wconf 84' lang='lat'><em>-</em></span> 
     </span>
    </p>

    <p class='ocr_par' dir='ltr' id='par_1_4' title="bbox 132 2500 1314 4273">
     <span class='ocr_line' id='line_1_19' title="bbox 228 2500 1243 2584; baseline -0.002 -18"><span class='ocrx_word' id='word_1_138' title='bbox 228 2503 342 2566; x_wconf 88' lang='lat' dir='ltr'><strong>Verum</strong></span> <span class='ocrx_word' id='word_1_139' title='bbox 368 2502 444 2565; x_wconf 88' lang='lat' dir='ltr'><strong>haec</strong></span> <span class='ocrx_word' id='word_1_140' title='bbox 468 2500 527 2566; x_wconf 92' lang='lat' dir='ltr'><strong>duo</strong></span> <span class='ocrx_word' id='word_1_141' title='bbox 551 2501 690 2584; x_wconf 80' lang='lat' dir='ltr'><strong>exempla</strong></span> <span class='ocrx_word' id='word_1_142' title='bbox 717 2521 787 2566; x_wconf 92' lang='lat' dir='ltr'><strong>cnm</strong></span> <span class='ocrx_word' id='word_1_143' title='bbox 814 2501 893 2566; x_wconf 90' lang='lat' dir='ltr'><strong>iuter</strong></span> <span class='ocrx_word' id='word_1_144' title='bbox 916 2521 948 2566; x_wconf 93' lang='lat' dir='ltr'><strong>se</strong></span> <span class='ocrx_word' id='word_1_145' title='bbox 977 2500 1150 2567; x_wconf 90' lang='lat' dir='ltr'><strong>consimilia</strong></span> <span class='ocrx_word' id='word_1_146' title='bbox 1173 2500 1243 2576; x_wconf 84' lang='lat' dir='ltr'><strong>sint,</strong></span> 
     </span>
     <span class='ocr_line' id='line_1_20' title="bbox 132 2605 1246 2689; baseline -0.006 -13"><span class='ocrx_word' id='word_1_147' title='bbox 132 2608 263 2676; x_wconf 85' lang='lat' dir='ltr'><strong>tertium</strong></span> <span class='ocrx_word' id='word_1_148' title='bbox 285 2607 435 2672; x_wconf 88' lang='lat' dir='ltr'><strong>rationem</strong></span> <span class='ocrx_word' id='word_1_149' title='bbox 460 2606 563 2688; x_wconf 89' lang='lat' dir='ltr'><strong>paullo</strong></span> <span class='ocrx_word' id='word_1_150' title='bbox 579 2606 731 2672; x_wconf 89' lang='lat' dir='ltr'><strong>diversam</strong></span> <span class='ocrx_word' id='word_1_151' title='bbox 746 2606 893 2689; x_wconf 92' lang='lat' dir='ltr'><strong>sequitur.</strong></span> <span class='ocrx_word' id='word_1_152' title='bbox 939 2608 1042 2672; x_wconf 90' lang='lat' dir='ltr'><strong>tamen</strong></span> <span class='ocrx_word' id='word_1_153' title='bbox 1063 2607 1155 2670; x_wconf 89' lang='lat' dir='ltr'><strong>liceat</strong></span> <span class='ocrx_word' id='word_1_154' title='bbox 1169 2605 1246 2671; x_wconf 94' lang='lat' dir='ltr'><strong>mihi</strong></span> 
     </span>
     <span class='ocr_line' id='line_1_21' title="bbox 133 2708 1246 2796; baseline -0.005 -16"><span class='ocrx_word' id='word_1_155' title='bbox 133 2716 187 2781; x_wconf 91' lang='lat' dir='ltr'><strong>hio</strong></span> <span class='ocrx_word' id='word_1_156' title='bbox 211 2713 339 2779; x_wconf 90' lang='lat' dir='ltr'><strong>adicere.</strong></span> <span class='ocrx_word' id='word_1_157' title='bbox 388 2711 489 2796; x_wconf 89' lang='lat' dir='ltr'><strong>agitur</strong></span> <span class='ocrx_word' id='word_1_158' title='bbox 512 2711 548 2776; x_wconf 90' lang='lat' dir='ltr'><strong>de</strong></span> <span class='ocrx_word' id='word_1_159' title='bbox 573 2708 672 2786; x_wconf 75' lang='lat'>§117</span> <span class='ocrx_word' id='word_1_160' title='bbox 697 2713 796 2778; x_wconf 86' lang='lat' dir='ltr'><strong>verbis</strong></span> <span class='ocrx_word' id='word_1_161' title='bbox 821 2713 904 2777; x_wconf 91' lang='lat' dir='ltr'><strong>hisce</strong></span> <span class='ocrx_word' id='word_1_162' title='bbox 928 2731 1020 2795; x_wconf 91' lang='lat' dir='ltr'><strong>qnam</strong></span> <span class='ocrx_word' id='word_1_163' title='bbox 1042 2709 1246 2776; x_wconf 83' lang='lat' dir='ltr'><strong>vehementis·</strong></span> 
     </span>
     <span class='ocr_line' id='line_1_22' title="bbox 136 2807 1246 2900; baseline -0.012 -14"><span class='ocrx_word' id='word_1_164' title='bbox 136 2821 215 2886; x_wconf 89' lang='lat' dir='ltr'><strong>sime</strong></span> <span class='ocrx_word' id='word_1_165' title='bbox 240 2817 442 2900; x_wconf 78' lang='lat' dir='ltr'><strong>addubitatis:</strong></span> <span class='ocrx_word' id='word_1_166' title='bbox 466 2807 656 2893; x_wconf 82' lang='grc' dir='ltr'><em>α’ρχομένοο</em></span> <span class='ocrx_word' id='word_1_167' title='bbox 679 2813 715 2874; x_wconf 83' lang='grc' dir='ltr'><strong>δέ</strong></span> <span class='ocrx_word' id='word_1_168' title='bbox 737 2833 803 2893; x_wconf 84' lang='grc' dir='ltr'><strong>μου</strong></span> <span class='ocrx_word' id='word_1_169' title='bbox 827 2812 934 2892; x_wconf 83' lang='grc' dir='ltr'><em>λέγειν</em></span> <span class='ocrx_word' id='word_1_170' title='bbox 959 2808 1014 2875; x_wconf 82' lang='grc' dir='ltr'><strong>καὶ</strong></span> <span class='ocrx_word' id='word_1_171' title='bbox 1036 2807 1246 2895; x_wconf 75' lang='grc' dir='ltr'><em>προθυμότε-</em></span> 
     </span>
     <span class='ocr_line' id='line_1_23' title="bbox 137 2897 1314 3004; baseline -0.005 -20"><span class='ocrx_word' id='word_1_172' title='bbox 137 2920 201 3004; x_wconf 91' lang='grc' dir='ltr'><strong>ρόν</strong></span> <span class='ocrx_word' id='word_1_173' title='bbox 224 2942 294 2991; x_wconf 84' lang='grc' dir='ltr'><strong>πως</strong></span> <span class='ocrx_word' id='word_1_174' title='bbox 317 2914 572 3002; x_wconf 73' lang='grc' dir='ltr'><strong><em>εἰσεληλυθότος</em></strong></span> <span class='ocrx_word' id='word_1_175' title='bbox 602 2914 648 2990; x_wconf 85' lang='grc' dir='ltr'><strong>εἰς</strong></span> <span class='ocrx_word' id='word_1_176' title='bbox 670 2915 706 2980; x_wconf 85' lang='grc' dir='ltr'><strong>τὸ</strong></span> <span class='ocrx_word' id='word_1_177' title='bbox 732 2918 905 3003; x_wconf 81' lang='grc' dir='ltr'><em>συνέδριον</em></span> <span class='ocrx_word' id='word_1_178' title='bbox 932 2919 993 2979; x_wconf 81' lang='grc' dir='ltr'><strong>των</strong></span> <span class='ocrx_word' id='word_1_179' title='bbox 1018 2913 1124 2979; x_wconf 82' lang='grc' dir='ltr'><strong>ἄλλων</strong></span> <span class='ocrx_word' id='word_1_180' title='bbox 1148 2915 1247 2979; x_wconf 73' lang='grc' dir='ltr'><em>στολα-</em></span> <span class='ocrx_word' id='word_1_181' title='bbox 1311 2897 1314 2904; x_wconf 47' lang='grc'><strong>’</strong></span> 
     </span>
     <span class='ocr_line' id='line_1_24' title="bbox 138 3019 1247 3111; baseline -0.007 -21"><span class='ocrx_word' id='word_1_182' title='bbox 138 3027 247 3111; x_wconf 85' lang='grc' dir='ltr'><em>γόρων</em></span> <span class='ocrx_word' id='word_1_183' title='bbox 270 3021 524 3109; x_wconf 77' lang='grc' dir='ltr'><em>μεθεστηκότων</em></span> <span class='ocrx_word' id='word_1_184' title='bbox 550 3023 818 3109; x_wconf 70' lang='grc' dir='ltr'><em>(καθεστηκότων</em></span> <span class='ocrx_word' id='word_1_185' title='bbox 834 3021 881 3110; x_wconf 85' lang='lat' dir='ltr'><strong>hl)</strong></span> <span class='ocrx_word' id='word_1_186' title='bbox 905 3019 1090 3108; x_wconf 75' lang='grc' dir='ltr'><em>ἀναβοήσας</em></span> <span class='ocrx_word' id='word_1_187' title='bbox 1112 3043 1159 3093; x_wconf 83' lang='grc' dir='ltr'><strong>τις</strong></span> <span class='ocrx_word' id='word_1_188' title='bbox 1182 3023 1247 3084; x_wconf 76' lang='grc' dir='ltr'><strong>τῶν</strong></span> 
     </span>
     <span class='ocr_line' id='line_1_25' title="bbox 137 3127 1247 3216; baseline -0.005 -15"><span class='ocrx_word' id='word_1_189' title='bbox 137 3133 360 3216; x_wconf 73' lang='grc' dir='ltr'><em>Ἀμφισσέων.</em></span> <span class='ocrx_word' id='word_1_190' title='bbox 377 3186 383 3199; x_wconf 93' lang='grc'><em>.</em></span> <span class='ocrx_word' id='word_1_191' title='bbox 400 3180 408 3196; x_wconf 94' lang='grc'><strong>.</strong></span> <span class='ocrx_word' id='word_1_192' title='bbox 425 3127 490 3212; x_wconf 77' lang='grc' dir='ltr'><strong>ἔφη</strong></span> <span class='ocrx_word' id='word_1_193' title='bbox 514 3128 580 3200; x_wconf 77' lang='grc' dir='ltr'><strong>κτλ.</strong></span> <span class='ocrx_word' id='word_1_194' title='bbox 629 3138 747 3200; x_wconf 89' lang='lat' dir='ltr'><strong>enarrat</strong></span> <span class='ocrx_word' id='word_1_195' title='bbox 768 3134 934 3200; x_wconf 76' lang='lat' dir='ltr'><strong>Aeschines</strong></span> <span class='ocrx_word' id='word_1_196' title='bbox 956 3134 1032 3198; x_wconf 91' lang='lat' dir='ltr'><strong>haec</strong></span> <span class='ocrx_word' id='word_1_197' title='bbox 1056 3133 1093 3198; x_wconf 90' lang='lat' dir='ltr'><strong>de</strong></span> <span class='ocrx_word' id='word_1_198' title='bbox 1117 3152 1149 3198; x_wconf 92' lang='lat' dir='ltr'><strong>se</strong></span> <span class='ocrx_word' id='word_1_199' title='bbox 1170 3133 1247 3216; x_wconf 88' lang='lat' dir='ltr'><strong>ipso.</strong></span> 
     </span>
     <span class='ocr_line' id='line_1_26' title="bbox 139 3238 1249 3326; baseline -0.007 -16"><span class='ocrx_word' id='word_1_200' title='bbox 139 3264 213 3311; x_wconf 89' lang='lat' dir='ltr'><strong>nam</strong></span> <span class='ocrx_word' id='word_1_201' title='bbox 237 3260 423 3326; x_wconf 86' lang='lat' dir='ltr'><strong>quamquam</strong></span> <span class='ocrx_word' id='word_1_202' title='bbox 451 3239 614 3323; x_wconf 85' lang='lat' dir='ltr'><strong>pylagorae</strong></span> <span class='ocrx_word' id='word_1_203' title='bbox 641 3259 765 3304; x_wconf 87' lang='lat' dir='ltr'><strong>munere</strong></span> <span class='ocrx_word' id='word_1_204' title='bbox 789 3239 983 3324; x_wconf 81' lang='lat' dir='ltr'><strong>fungebatur,</strong></span> <span class='ocrx_word' id='word_1_205' title='bbox 1013 3238 1051 3303; x_wconf 89' lang='lat' dir='ltr'><strong>ab</strong></span> <span class='ocrx_word' id='word_1_206' title='bbox 1079 3238 1249 3302; x_wconf 91' lang='lat' dir='ltr'><strong>hieromne-</strong></span> 
     </span>
     <span class='ocr_line' id='line_1_27' title="bbox 139 3342 1249 3432; baseline -0.006 -17"><span class='ocrx_word' id='word_1_207' title='bbox 139 3369 230 3416; x_wconf 89' lang='lat' dir='ltr'><strong>moue</strong></span> <span class='ocrx_word' id='word_1_208' title='bbox 262 3347 347 3432; x_wconf 83' lang='lat' dir='ltr'><strong>gravi</strong></span> <span class='ocrx_word' id='word_1_209' title='bbox 369 3345 475 3410; x_wconf 91' lang='lat' dir='ltr'><strong>morbo</strong></span> <span class='ocrx_word' id='word_1_210' title='bbox 504 3343 611 3409; x_wconf 88' lang='lat' dir='ltr'><strong>affecto</strong></span> <span class='ocrx_word' id='word_1_211' title='bbox 639 3346 731 3426; x_wconf 90' lang='lat' dir='ltr'><strong>atque</strong></span> <span class='ocrx_word' id='word_1_212' title='bbox 759 3344 905 3429; x_wconf 87' lang='lat' dir='ltr'><strong>impedito</strong></span> <span class='ocrx_word' id='word_1_213' title='bbox 932 3344 964 3410; x_wconf 89' lang='lat' dir='ltr'><strong>in</strong></span> <span class='ocrx_word' id='word_1_214' title='bbox 991 3342 1249 3426; x_wconf 80' lang='lat' dir='ltr'><strong>Amphictyonum</strong></span> 
     </span>
     <span class='ocr_line' id='line_1_28' title="bbox 141 3448 1250 3532; baseline -0.008 -11"><span class='ocrx_word' id='word_1_215' title='bbox 141 3454 303 3522; x_wconf 90' lang='lat' dir='ltr'><strong>consilium</strong></span> <span class='ocrx_word' id='word_1_216' title='bbox 317 3452 428 3518; x_wconf 89' lang='lat' dir='ltr'><strong>missus</strong></span> <span class='ocrx_word' id='word_1_217' title='bbox 445 3451 518 3526; x_wconf 77' lang='lat' dir='ltr'><strong>erat,</strong></span> <span class='ocrx_word' id='word_1_218' title='bbox 543 3452 705 3532; x_wconf 88' lang='lat' dir='ltr'><strong>postquam</strong></span> <span class='ocrx_word' id='word_1_219' title='bbox 721 3449 954 3514; x_wconf 84' lang='lat' dir='ltr'><strong>Atheniensium</strong></span> <span class='ocrx_word' id='word_1_220' title='bbox 968 3449 1062 3532; x_wconf 85' lang='lat' dir='ltr'><strong>legati</strong></span> <span class='ocrx_word' id='word_1_221' title='bbox 1079 3448 1250 3514; x_wconf 89' lang='lat' dir='ltr'><strong>contionem</strong></span> 
     </span>
     <span class='ocr_line' id='line_1_29' title="bbox 140 3553 1251 3642; baseline -0.009 -16"><span class='ocrx_word' id='word_1_222' title='bbox 140 3560 249 3626; x_wconf 89' lang='lat' dir='ltr'><strong>haberi</strong></span> <span class='ocrx_word' id='word_1_223' title='bbox 271 3577 365 3642; x_wconf 89' lang='lat' dir='ltr'><strong>paene</strong></span> <span class='ocrx_word' id='word_1_224' title='bbox 390 3575 455 3621; x_wconf 92' lang='lat' dir='ltr'><strong>sero</strong></span> <span class='ocrx_word' id='word_1_225' title='bbox 480 3555 622 3620; x_wconf 88' lang='lat' dir='ltr'><strong>certiores</strong></span> <span class='ocrx_word' id='word_1_226' title='bbox 645 3554 718 3618; x_wconf 87' lang='lat' dir='ltr'><strong>facti</strong></span> <span class='ocrx_word' id='word_1_227' title='bbox 741 3556 819 3618; x_wconf 90' lang='lat' dir='ltr'><strong>sunt.</strong></span> <span class='ocrx_word' id='word_1_228' title='bbox 866 3557 987 3620; x_wconf 86' lang='lat' dir='ltr'><strong>tantum</strong></span> <span class='ocrx_word' id='word_1_229' title='bbox 1010 3554 1046 3618; x_wconf 89' lang='lat' dir='ltr'><strong>de</strong></span> <span class='ocrx_word' id='word_1_230' title='bbox 1070 3573 1112 3618; x_wconf 89' lang='lat' dir='ltr'><strong>re.</strong></span> <span class='ocrx_word' id='word_1_231' title='bbox 1159 3553 1251 3618; x_wconf 87' lang='lat' dir='ltr'><strong>verba</strong></span> 
     </span>
     <span class='ocr_line' id='line_1_30' title="bbox 142 3659 1250 3747; baseline -0.01 -15"><span class='ocrx_word' id='word_1_232' title='bbox 142 3685 214 3732; x_wconf 92' lang='lat' dir='ltr'><strong>vero</strong></span> <span class='ocrx_word' id='word_1_233' title='bbox 238 3665 305 3747; x_wconf 91' lang='lat' dir='ltr'><strong>ipsa</strong></span> <span class='ocrx_word' id='word_1_234' title='bbox 328 3663 372 3728; x_wconf 93' lang='lat' dir='ltr'><strong>sic</strong></span> <span class='ocrx_word' id='word_1_235' title='bbox 396 3665 430 3727; x_wconf 92' lang='lat' dir='ltr'><strong>nt</strong></span> <span class='ocrx_word' id='word_1_236' title='bbox 453 3659 597 3742; x_wconf 83' lang='lat' dir='ltr'><strong>exscripsi</strong></span> <span class='ocrx_word' id='word_1_237' title='bbox 622 3661 715 3741; x_wconf 90' lang='lat' dir='ltr'><strong>utque</strong></span> <span class='ocrx_word' id='word_1_238' title='bbox 743 3659 777 3724; x_wconf 93' lang='lat' dir='ltr'><strong>in</strong></span> <span class='ocrx_word' id='word_1_239' title='bbox 799 3659 955 3725; x_wconf 89' lang='lat' dir='ltr'><strong>codicibus</strong></span> <span class='ocrx_word' id='word_1_240' title='bbox 978 3660 1151 3736; x_wconf 83' lang='lat' dir='ltr'><strong>exarantur,</strong></span> <span class='ocrx_word' id='word_1_241' title='bbox 1180 3660 1250 3740; x_wconf 88' lang='lat' dir='ltr'><strong>apte</strong></span> 
     </span>
     <span class='ocr_line' id='line_1_31' title="bbox 143 3762 1252 3849; baseline -0.011 -11"><span class='ocrx_word' id='word_1_242' title='bbox 143 3775 175 3838; x_wconf 91' lang='lat' dir='ltr'><strong>et</strong></span> <span class='ocrx_word' id='word_1_243' title='bbox 199 3770 358 3836; x_wconf 89' lang='lat' dir='ltr'><strong>commode</strong></span> <span class='ocrx_word' id='word_1_244' title='bbox 382 3765 527 3849; x_wconf 82' lang='lat' dir='ltr'><strong>explicari</strong></span> <span class='ocrx_word' id='word_1_245' title='bbox 549 3783 637 3847; x_wconf 91' lang='lat' dir='ltr'><strong>posse</strong></span> <span class='ocrx_word' id='word_1_246' title='bbox 661 3765 859 3847; x_wconf 88' lang='lat' dir='ltr'><strong>desperarunt</strong></span> <span class='ocrx_word' id='word_1_247' title='bbox 881 3784 986 3831; x_wconf 91' lang='lat' dir='ltr'><strong>omnes</strong></span> <span class='ocrx_word' id='word_1_248' title='bbox 1009 3764 1067 3828; x_wconf 83' lang='lat' dir='ltr'><strong>viri</strong></span> <span class='ocrx_word' id='word_1_249' title='bbox 1082 3762 1174 3839; x_wconf 79' lang='lat' dir='ltr'><strong>docti</strong></span> <span class='ocrx_word' id='word_1_250' title='bbox 1200 3762 1252 3846; x_wconf 92' lang='lat' dir='ltr'><strong>qni</strong></span> 
     </span>
     <span class='ocr_line' id='line_1_32' title="bbox 142 3869 1252 3954; baseline -0.008 -13"><span class='ocrx_word' id='word_1_251' title='bbox 142 3875 292 3942; x_wconf 86' lang='lat' dir='ltr'><strong>iudicium</strong></span> <span class='ocrx_word' id='word_1_252' title='bbox 322 3874 359 3938; x_wconf 90' lang='lat' dir='ltr'><strong>de</strong></span> <span class='ocrx_word' id='word_1_253' title='bbox 387 3875 444 3938; x_wconf 93' lang='lat' dir='ltr'><strong>hoc</strong></span> <span class='ocrx_word' id='word_1_254' title='bbox 472 3872 539 3937; x_wconf 92' lang='lat' dir='ltr'><strong>loco</strong></span> <span class='ocrx_word' id='word_1_255' title='bbox 568 3870 716 3947; x_wconf 79' lang='lat' dir='ltr'><strong>tulerunt,</strong></span> <span class='ocrx_word' id='word_1_256' title='bbox 751 3873 842 3954; x_wconf 90' lang='lat' dir='ltr'><strong>atque</strong></span> <span class='ocrx_word' id='word_1_257' title='bbox 871 3891 929 3936; x_wconf 92' lang='lat' dir='ltr'><strong>nno</strong></span> <span class='ocrx_word' id='word_1_258' title='bbox 958 3869 1124 3952; x_wconf 89' lang='lat' dir='ltr'><strong>eodemque</strong></span> <span class='ocrx_word' id='word_1_259' title='bbox 1153 3887 1252 3933; x_wconf 91' lang='lat' dir='ltr'><strong>errore</strong></span> 
     </span>
     <span class='ocr_line' id='line_1_33' title="bbox 145 3975 1253 4057; baseline -0.009 -10"><span class='ocrx_word' id='word_1_260' title='bbox 145 3999 250 4047; x_wconf 90' lang='lat' dir='ltr'><strong>omnes</strong></span> <span class='ocrx_word' id='word_1_261' title='bbox 278 3980 318 4045; x_wconf 90' lang='lat' dir='ltr'><strong>ad</strong></span> <span class='ocrx_word' id='word_1_262' title='bbox 345 3998 439 4044; x_wconf 91' lang='lat' dir='ltr'><strong>uuum</strong></span> <span class='ocrx_word' id='word_1_263' title='bbox 469 3977 552 4042; x_wconf 89' lang='lat' dir='ltr'><strong>ducti</strong></span> <span class='ocrx_word' id='word_1_264' title='bbox 582 3979 613 4040; x_wconf 92' lang='lat' dir='ltr'><strong>et</strong></span> <span class='ocrx_word' id='word_1_265' title='bbox 641 3977 793 4042; x_wconf 86' lang='lat' dir='ltr'><strong>occaecati</strong></span> <span class='ocrx_word' id='word_1_266' title='bbox 815 3976 906 4040; x_wconf 81' lang='lat' dir='ltr'><strong>variis</strong></span> <span class='ocrx_word' id='word_1_267' title='bbox 934 3975 1101 4042; x_wconf 87' lang='lat' dir='ltr'><strong>rationibus</strong></span> <span class='ocrx_word' id='word_1_268' title='bbox 1130 3994 1253 4057; x_wconf 89' lang='lat' dir='ltr'><strong>corrup-</strong></span> 
     </span>
     <span class='ocr_line' id='line_1_34' title="bbox 144 4078 1254 4166; baseline -0.009 -14"><span class='ocrx_word' id='word_1_269' title='bbox 144 4087 225 4152; x_wconf 89' lang='lat' dir='ltr'><strong>telae</strong></span> <span class='ocrx_word' id='word_1_270' title='bbox 253 4085 370 4152; x_wconf 89' lang='lat' dir='ltr'><strong>mederi</strong></span> <span class='ocrx_word' id='word_1_271' title='bbox 397 4084 497 4149; x_wconf 90' lang='lat' dir='ltr'><strong>conati</strong></span> <span class='ocrx_word' id='word_1_272' title='bbox 524 4086 603 4148; x_wconf 91' lang='lat' dir='ltr'><strong>sunt.</strong></span> <span class='ocrx_word' id='word_1_273' title='bbox 650 4084 681 4146; x_wconf 92' lang='lat' dir='ltr'><strong>ct</strong></span> <span class='ocrx_word' id='word_1_274' title='bbox 703 4081 820 4146; x_wconf 80' lang='lat' dir='ltr'><strong>Franks</strong></span> <span class='ocrx_word' id='word_1_275' title='bbox 850 4081 989 4162; x_wconf 90' lang='lat' dir='ltr'><strong>quidem,</strong></span> <span class='ocrx_word' id='word_1_276' title='bbox 1020 4099 1151 4166; x_wconf 92' lang='lat' dir='ltr'><strong>quocum</strong></span> <span class='ocrx_word' id='word_1_277' title='bbox 1180 4078 1254 4144; x_wconf 86' lang='lat' dir='ltr'><strong>facit</strong></span> 
     </span>
     <span class='ocr_line' id='line_1_35' title="bbox 147 4179 1253 4273; baseline -0.006 -17"><span class='ocrx_word' id='word_1_278' title='bbox 147 4191 270 4257; x_wconf 83' lang='lat' dir='ltr'><strong>Schultz</strong></span> <span class='ocrx_word' id='word_1_279' title='bbox 294 4185 340 4270; x_wconf 83' lang='lat' dir='ltr'><strong>(in</strong></span> <span class='ocrx_word' id='word_1_280' title='bbox 363 4183 425 4271; x_wconf 88' lang='lat' dir='ltr'><strong>ed.)</strong></span> <span class='ocrx_word' id='word_1_281' title='bbox 449 4209 546 4273; x_wconf 91' lang='lat' dir='ltr'><strong>neque</strong></span> <span class='ocrx_word' id='word_1_282' title='bbox 571 4187 674 4252; x_wconf 87' lang='lat' dir='ltr'><strong>Bromi</strong></span> <span class='ocrx_word' id='word_1_283' title='bbox 696 4179 741 4266; x_wconf 88' lang='lat' dir='ltr'><strong>(in</strong></span> <span class='ocrx_word' id='word_1_284' title='bbox 764 4179 826 4266; x_wconf 86' lang='lat' dir='ltr'><strong>ed.)</strong></span> <span class='ocrx_word' id='word_1_285' title='bbox 850 4186 982 4250; x_wconf 88' lang='lat' dir='ltr'><strong>multum</strong></span> <span class='ocrx_word' id='word_1_286' title='bbox 1006 4185 1168 4268; x_wconf 84' lang='lat' dir='ltr'><strong>discrepat,</strong></span> <span class='ocrx_word' id='word_1_287' title='bbox 1193 4183 1253 4264; x_wconf 88' lang='lat' dir='ltr'><strong>nisi</strong></span> 
     </span>
    </p>
   </div>
   <div class='ocr_carea' id='block_1_4' title="bbox 0 0 1595 5108">
    <p class='ocr_par' dir='ltr' id='par_1_5' title="bbox 0 0 1595 5108">
     <span class='ocr_line' id='line_1_36' title="bbox 0 0 1595 5108; baseline 0 0"><span class='ocrx_word' id='word_1_288' title='bbox 0 0 1595 5108; x_wconf 95' lang='lat' dir='ltr'><strong> </strong></span> 
     </span>
    </p>
   </div>
  </div>
 </body>
</html>
