3128 5108
564 548 784 612 -29-

107 732 295 816 paccatas
313 724 470 804 ἀξιώσατε
494 726 733 811 ἀπολογεῖσθαι
758 727 840 814 πρὸς
863 725 920 792 τὸν
945 729 1009 789 τῶν
1026 722 1228 790 ὑπευθύνων

109 834 228 916 νόμον
253 839 402 923 πρῶτον,
432 835 515 920 πρὸς
543 834 600 900 τὸν
631 833 708 920 περὶ
731 836 796 900 τῶν
820 833 1034 922 κηρυγμάτων
1062 831 1227 917 δεύτερον,

112 942 233 1024 τρίτον
257 940 292 1006 δὲ
317 940 350 1005 τὸ
376 947 531 1024 μέγιστον
555 943 636 1025 λέγω
661 939 703 1020 ὡς
727 939 804 1008 οὐδὲ
820 980 863 989 -
879 940 1012 1017 ἀνάξιός
1032 948 1069 1027 Α,
1097 935 1229 1016 ὄξιόςΒ

111 1083 160 1094 -
187 1045 256 1111 ἐστι
283 1049 338 1135 τῆς
368 1049 499 1134 δωρεᾶς.
555 1075 633 1137 quac
663 1055 755 1120 verba
781 1055 843 1119 noli
877 1054 921 1118 sic
957 1053 1107 1136 accipere,
1144 1050 1229 1134 qnasi

113 1159 309 1226 enarratione
326 1161 362 1225 dc
389 1161 561 1227 defensione
576 1161 791 1226 Demosthenis
806 1161 976 1243 interrupta
992 1161 1091 1224 orator
1105 1159 1229 1224 tertiam

115 1266 324 1332 accusationis
347 1270 466 1351 partem
488 1269 636 1352 proferat3
661 1288 718 1350 quc
743 1268 869 1351 cogitari
890 1285 949 1331 non
971 1268 1073 1347 potest
1095 1264 1168 1346 quid
1188 1264 1230 1329 sit

113 1372 263 1456 ineptius.
292 1413 335 1422 -
364 1374 419 1438 sed
441 1375 630 1456 inquiramus
654 1395 764 1458 quaeso
789 1375 959 1440 accuratius
981 1374 1013 1438 in
1035 1357 1110 1437 rem.
1157 1392 1229 1437 nam

115 1479 173 1562 qui
196 1481 254 1545 vin'
278 1480 360 1546 docti
387 1481 459 1547 hinc
482 1483 672 1564 prohabilem
699 1481 866 1546 oraticnem
894 1498 1070 1562 recuperare
1094 1479 1228 1562 aggressi

114 1588 208 1664 sunt,
233 1587 285 1650 alii
308 1587 401 1652 aliam
425 1588 628 1654 adhibuerunt
650 1587 843 1654 medicinam.
889 1606 925 1651 cx
948 1585 1056 1668 quibus
1079 1602 1133 1648 suo
1156 1603 1228 1649 oon·
1311 1661 1313 1666 ¹

115 1693 232 1758 iciandi
246 1712 330 1758 more
346 1694 430 1758 ducti
443 1693 597 1760 Hamaher
612 1685 880 1775 („Observationes
892 1691 1014 1757 criticae
1027 1691 1057 1754 in
1070 1689 1229 1756 Aeschinis

115 1793 288 1864 orationes“
308 1800 506 1884 Mnemosyne
521 1801 581 1867 vol.
599 1803 673 1867 VIII
691 1835 731 1842 -·
751 1803 836 1868 1859
856 1833 897 1842 -·
915 1820 945 1883 p.
966 1792 1228 1879 16111166611666

115 1925 174 1990 pro
204 1900 284 1980 λέγω
316 1906 438 1989 scripsit
459 1902 594 1981 tepora,
624 1912 716 1993 atque
738 1907 897 1985 Weidner,
929 1906 980 1989 qui
1002 1905 1135 1987 primurn
1163 1905 1228 1988 ipse

118 2032 241 2096 quoque
271 2006 389 2087 λεγέτω
418 2015 562 2091 coniecit,
591 2017 698 2098 postea
723 2017 826 2079 amen
858 2013 933 2090 „hoc
955 2011 1082 2076 verbum
1104 2030 1227 2093 prorsus

116 2119 159 2184 ah
181 2118 242 2184 ista
263 2139 296 2184 re
320 2139 387 2184 esse
410 2115 561 2185 alienum“
592 2120 670 2186 vidit
698 2111 781 2200 (adu.
806 2121 864 2186 crit
887 2119 934 2184 ed.
959 2117 1040 2199 Iips.
1064 2116 1103 2181 ad
1126 2117 1156 2182 h.
1179 2108 1226 2193 1.),
1326 2165 1328 2170 -

115 2243 230 2290 novam
244 2225 485 2308 interpolationis
500 2224 693 2291 foedissimae
710 2225 907 2309 expiscandac
924 2223 1112 2288 occasionem
1128 2221 1228 2288 offerri

116 2332 204 2395 ratus
233 2331 325 2396 verba
353 2322 388 2387 τὸ
418 2329 574 2406 μέγιστον
603 2325 684 2407 λέγω
713 2333 870 2415 crpunrit3
905 2323 1125 2412 interpretandi
1158 2346 1228 2392 vero

118 2436 222 2502 studio
245 2437 406 2521 indulgens
429 2437 530 2503 Adam
547 2429 581 2514 (1.
598 2438 619 2502 I.
637 2458 667 2521 p.
685 2434 752 2519 30),
777 2440 811 2502 ut
835 2455 890 2520 ego
914 2455 1044 2519 quoque,
1068 2437 1230 2516 antequam

117 2541 210 2606 huius
233 2541 291 2607 viri
315 2541 397 2606 docti
419 2542 558 2610 libellum
581 2544 795 2626 impetissem,
824 2542 971 2622 iudicavi,
1000 2540 1093 2606 verba
1116 2531 1151 2596 τὸ
1176 2537 1229 2614 μέ-

119 2659 235 2722 rwwv
256 2643 338 2725 λέγω
362 2647 538 2714 interiectae
563 2650 730 2716 sentcntiae
752 2650 818 2714 loco
836 2649 988 2731 segregat:
1013 2641 1123 2727 τρίτον
1139 2640 1229 2703 ‹it-

119 2747 156 2812 ad
188 2752 342 2830 μέγιστον
366 2748 448 2829 λέγω
465 2787 508 2796 -
525 2747 568 2824 ὠς
592 2750 658 2814 κτλ.
678 2809 684 2822 ,
710 2776 727 2821 a
754 2774 813 2837 qua
841 2753 990 2818 sententia
1016 2752 1098 2817 haud
1124 2750 1230 2834 procul

118 2862 207 2927 abest
222 2862 302 2943 quod
317 2861 473 2925 Bethar-us
488 2861 587 2928 editor
602 2863 785 2928 coniecerat:
803 2849 824 2918 ὅ
838 2857 993 2934 μέγιστον
1010 2851 1103 2932 λέγω.
1139 2859 1229 2938 atque

119 2968 199 3032 duae
231 2966 355 3049 quidem
383 2966 475 3030 verba
501 2966 699 3050 intellegendi
727 2967 859 3032 rationes
887 2984 943 3047 per
969 2964 1088 3030 codices
1117 2967 1228 3041 artant,

118 3074 229 3152 altera,
254 3091 345 3155 quam
362 3071 556 3155 supraposui
573 3092 725 3155 quamque
741 3091 829 3138 namo
845 3071 891 3135 vir
907 3071 1013 3136 doctus
1029 3090 1089 3136 non
1105 3069 1229 3154 spreuit,

119 3181 226 3257 altera,
251 3198 343 3262 quam
358 3177 459 3242 Adam
482 3179 639 3261 amplexus
663 3180 719 3246 est.
758 3178 813 3242 illa
836 3195 905 3242 vero
928 3177 1055 3260 proheta
1079 3177 1111 3242 in
1134 3197 1228 3244 enun-

118 3286 196 3352 tiato
219 3283 410 3361 secundario,
441 3285 476 3347 ut
497 3284 663 3350 sententiae
686 3287 767 3350 recte
791 3285 1001 3361 annectantur,
1032 3302 1155 3350 necesse
1185 3287 1231 3348 c'st

120 3390 236 3457 codicis
259 3391 285 3454 B
309 3389 400 3453 lectio
424 3388 606 3479 accipiatur,
631 3389 675 3453 sic
698 3394 733 3455 ut
755 3391 830 3456 hacc
853 3389 948 3456 oratio
972 3389 1095 3456 evadat:
1119 3385 1228 3469 τρίτον

119 3491 156 3556 δὲ
181 3490 217 3556 τὸ
241 3490 396 3572 μέγιστον
424 3487 506 3568 λέγω
537 3483 579 3557 ὥς
604 3483 681 3552 οὐδὲ
705 3485 797 3564 ἄξιός
820 3487 889 3553 ἐστι
918 3491 975 3572 τῆς
996 3489 1130 3572 δωρεᾶς.
1176 3493 1229 3558 sed

119 3606 186 3669 tcta
207 3603 283 3667 haec
306 3599 456 3666 sententia
478 3618 533 3681 per
548 3618 580 3664 se
597 3600 691 3681 proba
707 3603 798 3683 atque
822 3603 894 3682 apta
916 3601 966 3666 hic
981 3602 1085 3666 tamen
1101 3599 1228 3666 oratoris

120 3708 284 3775 consilinm
307 3707 466 3790 perturbat
488 3707 578 3787 atque
601 3704 736 3787 reliquae
759 3706 904 3772 orationis
933 3726 1079 3772 conexum
1104 3706 1227 3772 drmit.

119 3833 193 3880 nam
215 3813 381 3878 Aeschines
404 3809 444 3886 ἐξ
462 3812 536 3888 203,
553 3811 619 3875 204
642 3811 740 3876 trihus
763 3812 964 3877 accusationis
986 3812 1133 3877 memhris
1155 3832 1229 3877 auu-

120 3919 246 3984 meratis
268 3916 484 3984 Demosthenis
508 3915 714 3982 defensIcnem
737 3919 767 3980 et
794 3917 893 3999 Ipsam
915 3918 1100 4000 trIpe-rtitam
1128 3908 1228 3996 (οὕτω

121 4018 159 4105 δὴ
184 4016 239 4082 καὶ
255 4016 313 4084 τὸν
329 4019 413 4104 Aac.
430 4015 513 4103 κτλ.)
537 4022 671 4105 opponit.
718 4026 753 4088 ut
775 4041 867 4105 quam
889 4023 991 4106 inepta
1013 4024 1104 4088 tertia
1125 4024 1229 4090 defen-

121 4131 215 4197 sionis
243 4133 329 4214 parte
357 4132 497 4214 neglecta
527 4131 628 4196 orator
650 4128 694 4194 ad⁴
711 4129 810 4212 ipsam
839 4129 1062 4196 accusationem
1084 4133 1228 4207 recurrat,

122 4237 236 4301 nemiui
260 4236 393 4300 dubium
409 4239 463 4301 aut
486 4255 551 4302 esse
581 4235 677 4317 possIt
699 4236 752 4298 aut
775 4233 876 4300 fuerit.
908 4271 947 4280 —
978 4235 1033 4302 sed
1055 4237 1086 4301 et
1108 4235 1229 4300 concin-
