3128 5108
792 579 1008 640 ,38-

353 752 445 838 §853
470 780 513 826 or.
531 760 612 828 (lies.
630 763 672 828 23
690 795 730 804 -
750 763 788 828 of.
808 765 845 827 ll
866 755 932 840 —).
979 764 1108 846 denique
1131 782 1336 829 commemoro
1361 782 1403 826 or.
1421 763 1455 826 de

351 865 372 930 f.
389 866 410 930 l.
436 861 453 942 9
476 867 518 932 66
543 870 573 931 et
595 886 637 931 or.
659 866 740 934 Ctes.
764 863 802 944 δέ
825 870 877 945 16,
904 869 960 946 78,
991 869 1100 951 quihus
1122 869 1199 933 loeis
1222 867 1261 932 ad
1284 868 1455 932 tabularum

352 971 625 1054 pronuntiationem
664 974 812 1055 generalis
843 973 990 1056 quaedam
1026 973 1160 1056 quaestio
1189 973 1329 1038 adicitur.
1382 993 1456 1055 quae

352 1095 422 1142 oum
444 1078 488 1142 ita
510 1078 580 1154 sint,
605 1074 624 1151 ἕ
652 1080 713 1144 102
737 1097 755 1142 a
777 1078 896 1142 rhetore
919 1079 1019 1144 neseio
1043 1099 1101 1162 quo
1125 1078 1275 1144 adieetam
1298 1079 1392 1144 fuisse
1415 1080 1457 1143 ita

352 1182 443 1265 nego,
472 1184 506 1246 ut
529 1185 678 1248 oratorem
701 1187 837 1248 nostrum
864 1184 1052 1266 ipsissimum
1082 1184 1166 1249 hisee
1189 1185 1289 1249 verbis
1314 1184 1457 1266 deprendi

354 1287 606 1354 eonfidentissime
636 1289 823 1354 contendam.
856 1326 896 1332 -
926 1290 974 1354 his
1003 1289 1125 1354 statutis
1155 1290 1267 1354 eertius
1298 1289 1334 1353 de
1359 1285 1455 1365 §101

353 1392 487 1458 iudicare
503 1393 585 1458 lieet.
626 1395 715 1476 atque
738 1394 769 1458 in
786 1394 940 1460 eodieibus
963 1395 1038 1459 haee
1053 1394 1209 1478 leguntur:
1234 1385 1286 1452 ὅτι
1302 1389 1327 1451 δ’
1347 1385 1458 1472 ἀληθῆ

354 1492 434 1572 λέγω
452 1489 582 1574 ἀφελῶν
601 1491 657 1555 τὸν
675 1492 806 1572 κόμπον
823 1491 876 1556 καὶ
900 1492 954 1566 τὰς
970 1493 1112 1580 τριήρεις
1128 1491 1181 1557 καὶ
1199 1491 1255 1566 τὰς
1270 1491 1459 1570 ἀλαζονείας

355 1595 405 1684 (Α,
422 1596 481 1683 τὴν
498 1594 689 1674 ἀλαζονείαν
704 1598 747 1685 Β)
771 1596 940 1679 ἀνάγνωθι
964 1596 1018 1664 καὶ
1042 1597 1107 1662 ἀπὸ
1133 1602 1204 1679 (om,
1223 1599 1263 1686 Β)
1288 1602 1348 1688 τοῦ
1365 1600 1458 1682 κλέμ.

355 1725 456 1782 ματος
478 1699 580 1791 ἅψαι,
611 1699 632 1766 δ’
654 1701 807 1785 ὑφείλετο
837 1701 854 1765 ὁ
878 1703 996 1788 μιαρὸς
1024 1702 1077 1767 καί
1106 1701 1241 1778 ἀνόσιος
1269 1703 1458 1788 ἅνθρωπος,

355 1816 445 1898 atque
469 1816 587 1880 Debree
611 1812 645 1894 (l.
667 1816 688 1879 l.
709 1837 739 1898 p.
763 1807 841 1896 341)
872 1807 926 1872 καὶ
950 1808 1275 1896 victoriosorum
1299 1817 1379 1882 inter
1401 1808 1458 1872 τὸν

356 1915 488 1995 κόμπον
516 1924 547 1987 et
576 1913 631 1988 τὰς
660 1912 848 1992 α’λαζοοείας
881 1924 960 1987 stare
989 1942 1047 1988 non
1080 1941 1167 2004 posse
1197 1922 1278 2002 quod
1305 1922 1459 1999 iudioavit,

355 2027 544 2111 prohabilem
560 2027 740 2092 sententiam
757 2028 873 2105 statuit,
897 2027 968 2110 quia
990 2047 1044 2092 our
1059 2029 1159 2092 orator
1174 2047 1208 2091 er
1225 2028 1278 2106 eie,
1303 2027 1335 2091 in
1352 2027 1460 2110 quibus

355 2133 571 2198 Demosthenis
594 2133 716 2198 iaetatio
734 2132 896 2214 oonspioua
919 2136 984 2198 erat
1007 2126 1059 2212 (of.
1077 2128 1095 2208 ἓ
1113 2133 1177 2197 102
1192 2126 1284 2211 init),
1308 2132 1388 2197 nihil
1402 2131 1460 2196 nisi

355 2237 413 2303 hoo
434 2257 528 2301 unum
551 2238 600 2302 hie
623 2238 773 2321 posuerit,
802 2239 938 2322 intellegi
961 2239 1074 2320 nequit.
1121 2237 1238 2302 aeeedit
1262 2236 1344 2320 quod
1367 2237 1460 2300 trium

356 2343 571 2408 vocabulorum
603 2343 675 2408 ordo
705 2342 855 2426 displieet.
902 2345 956 2409 sed
977 2345 1135 2409 mittemus
1159 2342 1234 2406 haee
1256 2341 1346 2406 levia
1392 2361 1461 2426 gra-

356 2449 421 2512 vior
449 2447 584 2528 quaestio
613 2448 716 2512 existit
743 2447 829 2526 inde,
860 2449 939 2531 quod
968 2449 1060 2514 verba
1088 2441 1146 2506 τὸν
1170 2441 1304 2524 κόμπον
1330 2439 1385 2506 καὶ
1409 2439 1461 2511 τὰς

356 2545 543 2624 ἀλαζονείας
566 2573 672 2620 avoee
696 2545 828 2633 αόελοίν
851 2555 1011 2636 pendeant,
1036 2575 1074 2620 an
1097 2553 1134 2618 ab
1158 2544 1338 2634 ἀνάγνωθι,
1364 2553 1461 2617 adhue

360 2659 415 2724 suh
438 2659 539 2724 iudiee
563 2658 601 2722 lis
624 2661 679 2724 est.
726 2679 762 2724 er
782 2660 825 2724 eis
841 2680 922 2738 vero,
946 2680 1021 2742 quae
1038 2656 1056 2736 ἓ
1074 2660 1138 2724 102
1160 2659 1303 2741 legrmtur
1326 2678 1462 2741 quaeque

360 2764 562 2828 adulterinam
589 2764 735 2848 originem
764 2764 874 2830 habere
907 2766 1015 2850 negavi
1046 2765 1147 2848 ipsum
1176 2767 1326 2830 oratorem
1355 2764 1462 2828 duoem

357 2869 506 2952 optimum
529 2873 659 2942 seentus,
685 2871 817 2935 salibam
841 2870 1033 2951 pronuntiare
1054 2871 1137 2952 ipsas
1160 2869 1377 2935 Demosthenis
1399 2869 1462 2933 iae-

357 2975 486 3040 tationes
509 2975 604 3039 vetari
628 2977 701 3041 adeo
725 2996 784 3042 non
807 2977 940 3059 potuisse
963 2977 1097 3058 apparet,
1121 2978 1156 3040 dt
1179 2995 1288 3040 eume
1312 2973 1462 3039 contrario

356 3080 405 3144 vel
433 3079 550 3146 iussum
577 3081 669 3146 tuisse
698 3101 819 3147 neeesse
851 3082 891 3146 sit
919 3083 1077 3146 statuatur.
1130 3081 1257 3145 verbum
1286 3098 1357 3164 ergo
1386 3068 1462 3134 dod.

359 3182 474 3261 γοαθι,
500 3186 581 3267 qnod
596 3186 742 3250 Weidner
768 3189 941 3268 ,tamquam
964 3188 1266 3270 interpretamentum
1289 3183 1463 3268 posterioris

358 3290 442 3354 verbi
464 3281 570 3371 dapar
598 3290 767 3355 eiciendum
790 3293 917 3374 putavit,
942 3291 1110 3358 necessario
1133 3290 1305 3372 requiritur,
1330 3279 1462 3365 dpatoiv

361 3414 431 3460 vero
458 3395 538 3477 quod
562 3399 748 3480 expungatur
772 3397 897 3480 dignum
920 3403 975 3464 est.
1023 3397 1102 3478 quod
1124 3398 1159 3459 ut
1183 3394 1326 3474 adieeret,
1351 3392 1462 3459 soiolus

334 3499 485 3583 vquidam
508 3502 667 3564 verborum
695 3520 797 3566 eorum
821 3503 1020 3568 similitudine
1050 3500 1198 3566 adductus
1221 3501 1281 3577 est,
1313 3519 1389 3582 quae
1416 3499 1463 3562 le-

359 3607 471 3690 guntur
487 3600 504 3682 5
522 3607 597 3684 237,
621 3606 705 3670 ouius
728 3606 787 3672 looi
809 3608 885 3673 ratio
909 3610 998 3690 atque
1023 3607 1173 3672 sententia
1188 3604 1394 3671 diversissima
1415 3606 1464 3667 est

361 3711 398 3776 ab
421 3711 489 3790 hoe,
515 3731 604 3794 quem
627 3713 659 3776 in
681 3712 819 3777 manibus
843 3713 998 3779 habemus.
1045 3711 1089 3776 ibi
1112 3711 1191 3775 enirn
1215 3711 1304 3775 haee:
1329 3699 1462 3784 α’φελώι·

360 3807 419 3891 τὴν
443 3805 632 3887 ἀλαζονείαν
650 3807 702 3874 καὶ
725 3809 782 3872 τὸν
806 3811 937 3891 κόμπον
953 3813 1012 3875 τοῦ
1038 3812 1263 3896 ψηφίσματος,
1286 3805 1375 3895 ἅψαι
1398 3808 1462 3868 τῶν

361 3914 475 4001 ἔργον,
502 3911 665 3990 ἐπίδειξον
689 3913 769 4002 ἡμῖν
793 3912 816 3977 ἅ
835 3940 865 3979 ιι
888 3919 999 4000 λέγεις,
1047 3924 1137 4005 atque
1164 3923 1221 3986 heo
1249 3922 1337 3986 unico
1362 3937 1463 3984 exem-

360 4025 425 4106 plo,
455 4045 513 4107 quo
540 4029 643 4092 tamen
669 4026 745 4091 nihil
772 4027 929 4108 probatur,
966 4028 1107 4110 qnoniam
1136 4031 1236 4092 orator
1263 4025 1347 4090 aliud
1374 4028 1462 4104 atque

363 4129 514 4196 diversum
532 4133 691 4198 eonsilium
712 4133 910 4215 persequitur,
936 4132 1076 4198 Schmidt
1090 4133 1239 4197 adductus
1262 4151 1328 4196 esse
1343 4129 1464 4194 videtur

365 4236 509 4315 ,verbum
537 4229 624 4320 ἅψαι
654 4239 712 4303 nisi
736 4256 911 4322 praegresso
936 4237 1095 4322 partieipio
1124 4228 1256 4312 ἀφελών
1280 4237 1383 4300 losum
1405 4252 1463 4296 non
