3128 5108
769 511 988 586 ...52-

332 694 480 776 potuerit,
508 714 632 762 necesse
660 696 708 762 ent
735 694 910 780 explicetur.
969 715 1041 766 sane
1070 696 1238 769 Aeschines
1272 673 1451 767 orationem

334 800 532 868 conformavit
565 801 674 882 telem,
710 800 796 884 qnasi
824 799 923 884 Gylon
961 801 1126 870 „indicium
1153 821 1211 868 non
1239 803 1450 884 expectasset,

332 909 496 988 postquam
522 907 628 974 mortis
658 907 819 974 damnatus
849 901 927 974 est“.
974 907 1029 974 sed
1056 909 1270 990 praeterquam
1300 906 1382 990 qnod
1416 907 1452 972 in

334 1011 391 1080 hac
413 1031 445 1078 re
468 1011 558 1078 huius
581 1012 735 1096 scriptoris
758 1012 951 1096 neglegentis
973 1013 1161 1098 agnoscitur,
1190 1032 1250 1078 non
1272 1016 1337 1078 tam
1359 1015 1451 1078 tem-

334 1136 443 1200 pomm
467 1136 558 1202 quem
574 1117 791 1184 sententiarum
814 1117 946 1184 rationes
960 1119 1035 1202 puto
1050 1118 1255 1200 respiciendae
1270 1137 1344 1196 esse,
1368 1118 1450 1198 quia

335 1239 411 1303 quae
434 1221 515 1288 hand
538 1241 649 1308 magna
663 1225 727 1288 arte
744 1223 830 1305 quasi
852 1225 937 1306 paria
958 1223 1043 1290 iuxta
1057 1226 1219 1306 ponuntur,
1243 1223 1283 1288 ad
1305 1223 1449 1288 diversas

333 1345 382 1393 res
406 1329 553 1410 spectant.
600 1330 701 1393 orator
727 1329 808 1394 enim
842 1349 910 1395 mea
933 1328 1082 1394 sententia
1108 1329 1185 1394 haec
1214 1328 1304 1395 dicit:
1340 1326 1449 1410 Gylon

335 1432 504 1515 proditione
527 1434 608 1498 fecta
635 1423 691 1490 ἄπ’
714 1425 914 1511 εἰσαγγελίας
937 1454 972 1500 ex
994 1433 1068 1498 urhe
1091 1432 1181 1518 fugae
1205 1453 1237 1500 se
1261 1433 1358 1512 dedit,
1387 1433 1448 1498 ille

335 1535 466 1620 quidem,
490 1540 525 1602 ut
548 1557 584 1604 ex
606 1539 763 1620 sententia,
788 1560 847 1624 qna
868 1543 965 1606 morte
983 1539 1153 1618 damnatur,
1178 1543 1312 1622 apparet,
1335 1539 1447 1621 prodi-

336 1642 426 1707 honis
449 1661 553 1708 revera
576 1647 755 1726 coargutos,
786 1647 839 1712 sed
863 1646 914 1729 qui
936 1643 1083 1711 iudicium
1106 1644 1228 1710 omnino
1250 1664 1310 1711 non
1332 1663 1448 1727 expec-

335 1750 462 1814 taverat.
508 1767 584 1830 quae
614 1748 640 1813 si
667 1748 711 1813 ita
738 1751 823 1826 sunt,
851 1770 906 1816 cur
933 1752 1039 1816 horum
1067 1749 1273 1816 membrorum
1296 1748 1448 1814 alterum-

336 1855 440 1920 utrnm
462 1872 677 1938 expungamus,
701 1855 778 1920 nihil
801 1857 901 1922 estin
923 1875 1023 1930 causa.
1048 1893 1089 1902 -

425 1959 491 2024 Iam
514 1961 628 2038 orator,
657 1959 737 2042 quod
760 1961 859 2026 obiter
880 1964 911 2027 et
931 1963 964 2028 in
988 1965 1161 2028 transcursu
1191 1961 1275 2026 etin
1298 1959 1376 2024 eiius
1397 1957 1447 2022 rei

338 2066 479 2130 contextu
508 2064 724 2130 Demosthenis
752 2085 843 2132 erum
870 2068 1057 2150 proditorem
1090 2067 1183 2132 fuisse
1212 2062 1445 2142 demonstravit,
1535 2077 1536 2122 1

337 2170 375 2237 ob
400 2189 467 2236 eam
491 2189 613 2236 cansam
637 2172 711 2238 extr.
737 2167 836 2248 §172
860 2173 899 2238 ad
921 2173 1027 2239 verba:
1051 2163 1175 2230 οὐκοῦν
1200 2161 1265 2230 ἀπὸ
1294 2162 1358 2244 μὲν
1382 2164 1447 2226 τοῦ

337 2269 477 2334 πάππου
494 2271 654 2352 πολέμιος
668 2267 709 2334 ἂν
725 2269 777 2360 εἴη
794 2274 839 2352 τῷ
853 2272 945 2359 δήμῳ
961 2278 1068 2344 adicit:
1091 2270 1239 2336 deicerer
1255 2266 1315 2352 γὰρ
1339 2259 1445 2332 αὐτοῦ

339 2378 403 2440 τῶν
433 2375 610 2458 προγόνων
640 2382 830 2460 κατέγνωτε.
881 2385 938 2450 hoo
966 2385 1047 2450 enim
1075 2384 1187 2450 iterum
1215 2380 1445 2454 commemorat,

337 2490 372 2552 ut
393 2488 453 2554 dno
477 2508 558 2568 esse,
584 2509 659 2572 qnae
683 2489 782 2557 adhuc
806 2489 1072 2570 demonstraverit,
1095 2489 1212 2556 iudices
1233 2487 1364 2552 moneat.
1411 2483 1445 2546 in

336 2593 395 2660 hoo
418 2612 490 2662 vero
514 2595 670 2662 enuntiato
692 2597 787 2662 verba
809 2593 874 2654 eoin
892 2589 1078 2674 προγόνων,
1102 2613 1178 2676 quae
1200 2593 1275 2658 miro
1294 2590 1376 2656 diota
1398 2589 1445 2654 vi-
1534 2581 1535 2596 ³

339 2698 459 2778 dentur,
482 2699 623 2782 quoniam
647 2720 708 2767 non
729 2700 944 2767 Demosthenis
966 2700 1086 2783 proavi,
1117 2699 1171 2766 sed
1192 2689 1267 2764 avus
1288 2697 1444 2762 maternus

339 2805 421 2870 solue
443 2805 551 2890 capitis
575 2805 737 2873 damnatus
752 2809 808 2888 est,
834 2806 871 2872 ab
890 2805 1061 2899 Hemahero
1078 2796 1113 2886 (l.
1128 2805 1151 2870 l.
1166 2823 1196 2887 p.
1217 2799 1270 2878 14)
1295 2801 1443 2878 delentur,

337 2909 423 2978 cuiue
445 2911 477 2976 in
500 2912 593 2977 verba
615 2912 761 2978 Weidner
782 2913 872 2979 iurat.
920 2913 952 2977 at
973 2931 1027 2994 pro
1049 2911 1176 2976 talibus:
1212 2895 1361 2966 θάναΐθν
1385 2896 1443 2979 Υὰρ

339 3007 444 3074 αὐτοῦ
467 3014 662 3098 κατέγνωτε,
691 3018 834 3100 quoniam
864 3017 923 3083 dno
946 3015 1004 3082 viri
1025 3017 1059 3082 in
1085 3015 1240 3084 enuntiato
1268 3012 1368 3096 priore
1389 3029 1444 3076 no·
1533 3065 1534 3070 ,

337 3120 505 3203 minantur,
533 3122 634 3207 poh'ue
657 3123 823 3205 expectari:
855 3115 1002 3182 θάνατον
1026 3114 1085 3202 γὰρ
1109 3115 1239 3181 ἐκείνου
1263 3115 1445 3191 κατέγνωτε

337 3229 373 3294 nt
409 3228 546 3308 mittam,
580 3230 746 3309 oratorem,
783 3229 841 3294 etsi
874 3228 987 3311 plurali
1013 3248 1138 3295 numero
1173 3223 1237 3284 noio
1267 3215 1443 3306 προγόνων

336 3331 449 3412 utitur,
472 3335 576 3400 tamen
599 3335 699 3400 solum
722 3354 812 3401 evum
836 3335 1005 3398 matemnm
1027 3333 1166 3419 intellegi
1188 3332 1267 3400 velle
1289 3328 1443 3396 confiden-

337 3436 455 3505 tissime
471 3441 631 3508 oontendo.
671 3441 780 3506 ductus
802 3439 883 3504 enim
906 3458 960 3506 suo
983 3440 1104 3523 proprio
1127 3434 1332 3520 amplificandi
1353 3436 1443 3515 etque

341 3543 547 3611 calumniandi
564 3546 673 3626 studio,
698 3545 784 3611 ouius
798 3544 943 3610 nonnulla
959 3545 1098 3627 exempla
1112 3546 1201 3610 antea
1215 3561 1265 3608 me
1281 3539 1444 3606 contulisse
1532 3547 1533 3572 ¹

338 3647 431 3716 velim
464 3651 653 3729 memineris,
689 3654 791 3716 orator
818 3647 882 3706 τοῖν
912 3641 1085 3727 προγόνων
1120 3668 1229 3733 ponere
1258 3645 1381 3722 maluit,
1408 3645 1444 3707 ut

338 3752 578 3822 Demosthenem
605 3757 708 3840 ipsum
738 3755 850 3822 rochus
878 3756 968 3836 atque
992 3756 1091 3822 acrius
1118 3755 1270 3840 tangeret,
1299 3749 1386 3833 qnasi
1407 3767 1443 3813 ex

230 3889 234 3896 ·
338 3857 504 3928 maioribus
526 3862 643 3945 patriae
665 3861 828 3928 hostilibus
851 3859 910 3925 nisi
932 3859 1028 3925 hostis
1051 3859 1135 3924 nasci
1155 3877 1214 3924 non
1236 3861 1353 3940 posset:
1377 3873 1443 3920 ma·

339 3961 437 4028 iorum
461 3967 553 4034 series
582 3968 608 4034 si
631 3967 763 4044 affertur,
790 3967 887 4048 qualis
910 3967 950 4032 sit
972 3967 1067 4049 ipsius
1090 3962 1304 4031 Demosthenis
1327 3962 1442 4037 natea,
1531 3987 1532 4016 r

339 4066 454 4134 rectius
482 4072 622 4138 concludi
649 4071 770 4138 videtur
794 4108 834 4116 -
858 4071 953 4137 nostri
978 4071 1134 4155 scriptoris
1161 4071 1328 4136 mente-
1353 4082 1443 4152 qnam

340 4171 472 4240 sisoius
501 4196 574 4242 evus
601 4177 732 4260 ponitur.
779 4180 915 4242 ceterum
944 4177 1024 4260 quod
1052 4177 1102 4242 hic
1131 4175 1191 4242 alio
1218 4171 1344 4239 consilio
1372 4167 1444 4236 iacit
