3128 5108
547 546 768 611 ..45-

94 724 291 812 εστηκότων
320 752 391 817 ergo
418 734 560 818 exiguum
587 735 733 818 temperis
762 734 895 817 spatium
919 715 1107 820 designatur,
1132 733 1211 815 quod

95 839 252 904 Aeschini
269 843 390 904 oraturo
414 843 478 905 eret
492 839 633 906 relictum
658 841 796 922 quodque
820 841 852 904 iu
868 858 960 906 cause
975 839 1042 916 fuit,
1067 859 1121 904 cur
1136 841 1211 906 adeo

100 939 389 1025 ,προθυμότερόν
406 939 506 1020 πως“,
530 964 600 1012 cum
616 947 726 1029 etipse
754 939 1023 1028 ,πρθηεημὲνος“
1044 948 1133 1025 esset,
1150 957 1211 1029 ‘pre

94 1050 341 1117 Atheniensibus
364 1071 448 1117 crare
471 1052 628 1135 inciperet.
675 1054 765 1134 atque
794 1045 1063 1134 μεθεστηκότων,
1092 1054 1127 1117 ut
1152 1052 1211 1117 hcc

94 1157 226 1236 addam,
251 1177 306 1222 sua
327 1159 449 1242 propria
471 1158 601 1223 abeundi
623 1157 743 1223 notione
766 1157 816 1222 hic
840 1157 1011 1224 adhibitum
1034 1177 1099 1224 esse
1116 1178 1151 1222 ex
1167 1158 1211 1223 eis

96 1257 221 1340 verbis,
251 1283 326 1346 quae
356 1266 456 1330 orator
479 1264 516 1329 de
546 1283 577 1328 se
606 1264 672 1347 ipsc
697 1261 799 1338 §122
827 1265 955 1346 profert:
985 1257 1102 1339 ἐπειδή
1128 1279 1211 1321 ποτε

95 1359 299 1450 ἀπηλλάγην
328 1360 382 1427 καὶ
414 1368 574 1450 μετέστην
605 1362 641 1426 ἐκ
676 1367 737 1427 τοῦ
771 1366 946 1448 συνεδρίου
988 1369 1038 1446 (cf,
1066 1369 1128 1434 129
1157 1360 1211 1426 καὶ

96 1467 182 1540 τοὺς
204 1467 266 1549 μέν
282 1467 408 1549 ἐναγεῖς
423 1466 477 1532 καὶ
500 1471 565 1532 τῶν
582 1475 821 1555 πεπραγμένων
837 1467 963 1542 αἰτίους
983 1468 1210 1558 μετέστησαν),

98 1581 277 1646 necessario
309 1581 448 1647 efficitur.
500 1582 532 1647 in
560 1583 687 1648 eandem
716 1584 898 1649 sententiam
922 1583 998 1648 abiit
1026 1583 1129 1660 Bless,
1159 1582 1211 1664 qui

96 1690 161 1754 hoc
188 1707 305 1771 quoque
333 1691 414 1754 recte
438 1691 500 1754 stat
523 1689 560 1767 't‚
590 1707 659 1753 cum
682 1689 849 1754 Aeschines
877 1691 1106 1774 pylagcrerum‚
1136 1705 1210 1769 ques

98 1794 282 1878 suffragium
314 1813 373 1858 nou
401 1795 479 1859 ferre
507 1796 616 1860 uotum
643 1796 704 1874 est,
735 1793 887 1860 contione
905 1795 1030 1860 dimissa
1057 1793 1216 1873 intrasset

96 1902 364 1965 hieromnemcncs
387 1900 468 1966 solos
483 1899 644 1965 consilium
667 1900 818 1967 habuisse.
858 1921 924 1966 sero
947 1919 1018 1984 ergo
1034 1901 1210 1981 Aeschines

98 2011 173 2072 tum
198 2027 240 2072 sc.
265 2007 402 2084 cumei,
431 2009 466 2071 ut
487 2006 665 2090 pyhagorae,
697 2026 781 2073 crare
805 2027 865 2074 neu
887 2008 949 2072 iarn
971 2006 1097 2085 licebat,
1127 2006 1212 2089 loqui

99 2110 215 2194 eoepit.
264 2131 340 2194 quae
371 2111 521 2178 sententie
549 2111 625 2178 adeo
654 2112 850 2178 confirmatur
881 2107 981 2190 §115
1007 2115 1038 2178 et
1064 2113 1214 2196 imprimis

101 2211 120 2293 ἓ
144 2217 207 2283 122
225 2220 315 2284 autea
338 2219 440 2297 citata,
464 2217 517 2283 nbi
540 2220 642 2283 orator
664 2218 701 2283 cb
726 2237 793 2282 eam
817 2237 951 2297 causam,
976 2219 1057 2300 quod
1080 2219 1162 2284 solus
1179 2237 1215 2283 ex

99 2323 260 2407 pylegcris
289 2324 410 2402 aderat,
448 2325 484 2389 dc
512 2344 544 2392 se
574 2325 639 2390 sclc
665 2324 810 2404 loquitur.
856 2324 986 2406 denique
1015 2343 1053 2389 ne
1082 2324 1148 2405 quis
1182 2323 1214 2388 in'

100 2431 240 2497 oratione
257 2430 399 2510 offendat,
424 2431 608 2513 aperticula
632 2425 689 2487 καί
702 2429 873 2514 explicandi
895 2431 1049 2495 notionem
1073 2449 1132 2494 nou
1149 2447 1215 2494 esse

101 2537 238 2602 alicuem
262 2536 400 2619 exempla
425 2537 534 2603 decent
557 2537 790 2620 Xenophontea:
815 2536 912 2600 veluti
928 2537 1025 2602 Ancb.
1043 2536 1087 2602 VI
1110 2536 1132 2600 4
1156 2537 1215 2610 35;

101 2646 132 2709 V
159 2646 178 2708 2
204 2644 262 2718 25;
292 2635 350 2708 1'5
374 2644 404 2708 8.
458 2645 488 2708 et
516 2663 553 2708 ne
585 2644 744 2710 verborum
771 2642 931 2708 collocatio
960 2642 1086 2724 quidem
1113 2658 1214 2705 mores

102 2749 224 2815 creabit
253 2749 296 2827 ei,
325 2749 377 2832 qui
405 2750 463 2813 hcc
492 2749 666 2831 exemplum
687 2746 894 2813 Aeschinenm
917 2739 950 2828 (ἓ
974 2738 1030 2825 27)
1058 2763 1214 2828 compern-

102 2855 196 2922 verit:
222 2845 275 2912 καὶ
291 2847 448 2924 ἐπέταξεν
465 2846 713 2935 (Demosthenes)
738 2846 773 2910 ἐν
798 2849 844 2928 τῷ
861 2849 1054 2934 ψηφίσματι
1077 2843 1215 2932 ἑκάστης

102 2959 171 3018 τῶν
196 2954 309 3036 φυλαῖν
341 2955 475 3019 ἑλέσθαι
505 2951 581 3025 τούς
604 2952 909 3040 ἐπιμελησομένους
938 2954 1003 3015 τῶν
1026 2951 1129 3036 ἔργων
1159 2947 1215 3014 ἐπὶ

102 3062 144 3126 τὰ
174 3062 265 3146 τείχη
295 3057 350 3123 καί
377 3061 491 3141 ταμίας
525 3057 589 3122 καὶ
617 3058 718 3140 μάλα
744 3055 887 3142 ὀρθῶς,
914 3057 955 3121 ἵν’
979 3053 999 3144 η
1023 3055 1119 3127 πόλις
1141 3055 1215 3136 ἔχοι

102 3167 283 3234 ὑπεύθυνα
306 3167 448 3246 σώματα.
496 3173 550 3237 sed
572 3173 647 3261 haee
669 3173 827 3238 hacteuus.
855 3207 895 3244 -.-

195 3280 332 3362 Denique
355 3299 451 3344 unum
474 3299 509 3343 ex
533 3279 592 3358 eis,
624 3299 699 3362 quae
722 3277 893 3344 accuratius
916 3274 1058 3360 persequi
1081 3274 1215 3338 animum

102 3387 221 3464 induxi,
245 3386 401 3468 preprium
424 3385 513 3450 huius
537 3384 693 3467 scriptoris
716 3404 811 3470 genus
835 3384 958 3450 dicendi
979 3383 1082 3448 restat.
1134 3377 1217 3462 qued

104 3512 178 3558 cum
207 3512 267 3557 uon
293 3493 329 3555 ut
358 3491 509 3555 debebant
536 3493 809 3572 perscrutarentur,
839 3490 897 3556 riri
926 3489 1007 3554 docti
1035 3489 1083 3553 sat
1109 3483 1215 3550 multis

103 3601 181 3666 locis
204 3599 298 3664 verbe
320 3599 450 3684 genuina
473 3599 668 3662 resecuerunt
692 3597 861 3679 crateriqne
885 3598 1061 3670 nocuerunt.
1093 3629 1133 3637 -
1165 3595 1219 3658 at·-

104 3726 165 3788 que
190 3705 356 3771 disserendi
379 3704 503 3769 initium
526 3702 645 3784 capiam
668 3723 687 3766 a
710 3698 797 3778 578.
844 3703 937 3786 vulgo
961 3701 1060 3766 adhuc
1083 3699 1215 3764 editores

104 3810 248 3877 codicum
276 3809 405 3875 lectione
435 3811 554 3874 serrata
582 3809 782 3890 scripserunt:
819 3798 920 3884 ὁγὰρ
944 3799 1140 3882 μισότεκνος
1163 3797 1216 3863 καὶ

104 3909 257 3998 πονηρὸς
284 3907 391 3996 πατὴρ
422 3907 485 3974 οὐκ
515 3906 557 3972 ἄν
588 3929 668 3973 ποτε
693 3911 820 3989 γένοιτο
851 3905 1042 3994 δημαγωγὸς
1064 3905 1214 3993 χρηστός,

106 4015 186 4082 οὐδὲ
221 4012 239 4078 c‘
275 4014 314 4079 τὰ
350 4015 490 4099 φίλτατα
525 4012 579 4078 καὶ
613 4011 798 4078 οἰκειότατα
832 4012 965 4095 στόματα
998 4011 1044 4099 μὴ
1075 4017 1215 4097 στέργων·

105 4119 260 4186 οὕδέποτ
291 4117 333 4186 cic
357 4117 444 4201 ὑμᾶς
466 4117 544 4203 περὶ
571 4120 700 4184 πολλοῦ
723 4117 778 4206 (Α,
810 4118 965 4190 πλείονος
987 4126 1029 4201 Β;
1053 4124 1091 4189 cs,
1115 4125 1216 4190 Adam

105 4234 170 4300 1,1,
194 4253 223 4316 p.
241 4226 303 4314 39)¹
322 4224 497 4312 ποιησαιτο
524 4224 600 4298 τοὺς
622 4223 830 4311 ἀλλοτρίους,
859 4219 939 4288 ου’δέ
962 4245 997 4304 γε
1025 4220 1042 4288 ὁ
1068 4221 1134 4310 ἰδίᾳ
1157 4245 1216 4288 πυ-
