3128 5108
589 562 912 641 -15—-'

142 781 248 824 νοντο
265 758 336 848 γὰρ,
354 752 457 848 οἶμαι,
481 761 516 824 οἱ
530 757 687 847 δικασταὶ,
705 757 736 825 εἰ
751 758 933 847 φανήσεται
949 771 1048 831 ουτος
1064 756 1148 845 ἀνὴρ
1167 752 1203 819 ἐν
1220 756 1260 844 τῇ

143 861 228 952 αὐτῇ
251 865 357 946 πόλει,
381 863 483 946 τυχὸν
507 865 543 931 δὲ
568 862 622 930 καὶ
646 865 682 932 δν
707 866 751 948 τῷ
774 862 865 947 αὐτῷ
884 865 1033 951 ἐνιαυτῷ,
1056 867 1172 956 πρηίην
1195 869 1258 948 μὲν

144 992 231 1037 ποτε
245 968 535 1054 ἀναγορευόμενος
551 971 587 1036 ἐν
604 981 673 1044 τοῖς
687 968 819 1052 ἀγῶσιν,
836 968 888 1036 ὅτι
906 975 1127 1054 στεφανοῦται
1142 971 1259 1062 ἀρετῆς

143 1075 246 1144 ἕνεκα
267 1076 322 1143 καὶ
346 1078 558 1166 δικαιοσύνης
583 1075 648 1145 ὑπὸ
666 1081 727 1143 τοῦ
741 1077 849 1165 δήμου
873 1081 984 1162 χρυσῷ
1001 1078 1164 1164 στεφάνῳ,
1185 1078 1203 1144 δ
1222 1078 1258 1144 δὲ

142 1181 243 1258 αιίτδς
276 1183 360 1272 α’νὴρ
395 1184 515 1274 μικρὸν
551 1184 695 1265 ἐπισχών
727 1185 848 1261 ἔξεισιν
884 1185 919 1248 ἐκ
948 1188 1010 1251 τοῦ
1043 1187 1257 1274 δικαστηρίου

142 1290 272 1378 κλοπῆς
294 1289 393 1355 ἕνεκα
416 1288 473 1366 τὰς
496 1286 644 1363 ου’θιίνας
659 1288 828 1378 ὠφληκώς,
868 1297 991 1379 exponit
1013 1300 1123 1378 orator,
1148 1299 1258 1383 quibus

145 1403 246 1469 oeusis
270 1408 305 1470 ut
327 1404 465 1471 hominen
486 1404 590 1470 noxios
606 1405 806 1482 absolverent,
831 1403 948 1470 iudieee
970 1404 1096 1470 eddueti
1119 1425 1185 1484 esee
1200 1407 1259 1473 sibi

26 1530 29 1534 ·
146 1510 307 1576 videantur
331 1497 463 1593 (οἶμαι).
509 1510 639 1594 puderet
667 1510 749 1576 enim
777 1529 829 1575 eos
854 1543 895 1552 —
920 1513 1020 1577 orator
1042 1512 1142 1595 inquit
1163 1543 1208 1557 -
1231 1515 1257 1580 si

141 1617 234 1682 homo
265 1618 355 1681 antee
381 1635 400 1681 e
431 1617 544 1699 populo
581 1617 741 1682 eoroueiue
774 1617 882 1697 postea
914 1616 1072 1698 peculatus
1101 1619 1256 1684 convietus

142 1725 235 1806 etque
259 1723 479 1789 condemnatus
502 1742 538 1788 ex
558 1721 671 1788 iudieio
688 1721 822 1787 exiturus
846 1724 935 1787 esset.
974 1723 1031 1788 hoo
1055 1727 1117 1790 est:
1140 1724 1257 1792 iudioes

141 1829 414 1922 commovebantur
442 1828 518 1894 iulia
545 1828 659 1894 iudiein
686 1829 721 1893 ut
743 1828 871 1906 ferrent,
902 1847 962 1894 non
991 1828 1071 1910 quod
1095 1829 1182 1896 ouius
1205 1850 1257 1897 eoe

141 1936 257 2020 pudere
274 1935 404 2002 debebat
427 1936 490 2001 inm
511 1937 628 2002 foetum
653 1938 727 2015 eret,
752 1935 807 2000 sed
829 1936 1005 2017 nequando
1028 1936 1090 2002 tale
1115 1936 1189 2018 quid
1203 1957 1256 2004 ue-

143 2043 271 2109 eideret.
318 2044 376 2110 hoo
404 2043 449 2109 ite
477 2063 542 2110 esse
570 2045 673 2110 future
701 2046 840 2126 tempore
868 2035 1052 2122 φανήσεται
1076 2047 1107 2110 et
1135 2038 1255 2114 ἔξεισιν

143 2139 187 2230 (=
203 2142 275 2231 fut.)
305 2150 423 2217 docent.
475 2151 654 2234 imperfecto
689 2170 760 2236 ergo
789 2141 977 2230 ᾐσχύνοντο
1012 2170 1071 2216 non
1107 2151 1257 2236 designari

139 2258 228 2339 petet
259 2257 378 2324 indieee
400 2259 535 2342 profecto
566 2259 640 2325 olim
662 2258 820 2343 puduisse,
856 2258 911 2324 sed
933 2257 997 2324 fore
1021 2262 1055 2324 ut
1078 2278 1129 2325 eos
1152 2275 1257 2324 revere

141 2365 211 2427 tum
233 2365 350 2446 pudeat
372 2354 443 2445 (nie
458 2365 583 2430 wnrdeu
599 2364 665 2430 eieh
681 2365 845 2431 sehdmen'.
883 2364 969 2430 euius
993 2364 1114 2438 dicendi
1135 2363 1256 2450 generis

143 2471 284 2554 exemplo
298 2491 358 2536 non
376 2471 499 2536 desunt:
524 2471 601 2537 Xen.
617 2470 716 2537 Aneb.
735 2473 794 2536 VH
810 2473 841 2551 6,
859 2472 918 2548 21;
942 2470 1084 2536 Aesohin.
1103 2471 1147 2536 ΙΙΙ
1166 2463 1254 2553 147),

141 2575 169 2642 si
194 2577 339 2643 eeeiderit
362 2609 406 2618 -
430 2577 597 2660 quidnam?
631 2579 667 2643 ut
688 2576 772 2643 idem
794 2577 885 2643 homo
909 2579 1000 2643 enter
1023 2580 1256 2644 eoronereturn

144 2683 269 2766 populo,
287 2683 396 2749 deinde
411 2702 482 2749 vero
505 2683 537 2747 in
551 2683 665 2748 iudieio
688 2682 804 2748 fraudis
820 2681 1049 2748 eonvineeretur
1072 2685 1103 2747 et
1125 2682 1157 2747 id
1174 2683 1255 2765 quod
1377 2693 1380 2700 '

143 2786 359 2872 gennesimum
383 2791 439 2867 est,
464 2790 725 2855 condemnaretur.
771 2809 809 2853 ue
831 2789 926 2871 igitur
949 2787 1083 2855 aduersis
1104 2789 1255 2856 frontibus

140 2893 339 2977 plebieoitum
369 2897 400 2959 et
427 2895 576 2961 iudieium
603 2896 682 2962 inter
712 2915 745 2960 se
772 2896 910 2978 pugnent
938 2894 1065 2977 ideoque
1088 2893 1255 2979 ignominie

141 2992 373 3082 popque'totue
389 3001 548 3081 afficietur,
572 3001 688 3067 iudioes
703 3021 764 3068 non
780 3001 915 3067 oriminis
932 3001 986 3066 sed
1002 3000 1142 3083 publicae
1166 3001 1255 3086 iguo

141 3105 255 3172 minine
290 3107 440 3174 rationem
467 3108 578 3175 hebere
612 3112 771 3196 eoguntur.
829 3129 905 3192 quoe
940 3109 1075 3174 sirecte
1097 3111 1253 3188 oneravi,

142 3211 311 3279 sententies
335 3217 405 3297 epte
433 3216 576 3300 progredi
602 3215 634 3282 in
657 3216 817 3299 propatulo
842 3216 898 3282 est.
944 3234 1000 3281 nee
1024 3215 1126 3281 minue
1148 3216 1253 3298 pulere

139 3317 290 3385 indioium
313 3321 345 3384 et
367 3319 563 3402 plebisuitum
585 3322 667 3387 inter
691 3339 722 3386 se
746 3324 924 3403 eomparata
937 3320 1080 3386 videntur
1102 3323 1140 3385 et*
1156 3339 1253 3404 oppo-

140 3423 210 3491 situ
245 3423 321 3490 telio
337 3425 418 3492 enim
436 3426 587 3492 contrarie
601 3427 711 3493 habes:
738 3422 958 3502 στεφανοῦται
974 3421 1086 3503 χρυσῷ
1102 3421 1253 3504 στεφάνῳ

138 3533 173 3596 et
196 3523 253 3598 τὰς
274 3523 420 3599 εὐθύνας
442 3527 615 3615 ὠφληκώς,
644 3525 762 3617 α’ρετης
785 3527 883 3594 ἕνεκα
907 3524 961 3594 καὶ
983 3527 1195 3617 δικαιοσύνης
1211 3537 1254 3608 ,et

140 3631 268 3719 κλοπῆς
289 3631 404 3717 ἕνεκα,
433 3642 469 3706 ut
497 3660 574 3723 quoe
596 3643 696 3709 uerius
723 3642 802 3707 inter
830 3660 862 3706 se
891 3644 1028 3725 pugnent
1049 3641 1253 3724 eogIturiue

139 3747 264 3826 queunt
304 3746 440 3811 loeorum
462 3765 552 3828 porro
576 3747 750 3813 discrimine
772 3747 907 3812 indicato
931 3739 1112 3828 φανήσεται
1135 3736 1251 3822 ἄναγο-

139 3841 324 3928 ρευόμενος
346 3844 383 3910 δν
400 3849 444 3928 τῷ
467 3844 597 3932 θεάτρῳ
621 3856 652 3920 et
673 3847 793 3924 ἔξεισιν
810 3847 847 3910 ἐκ
863 3847 924 3912 τοῦ
939 3847 1153 3934 δικαστηρίου
1176 3855 1252 3922 haec

139 3956 292 4040 oppositio
320 3959 397 4024 odeo
426 3961 563 4042 nugetur.
610 3959 665 4025 sed
693 3979 763 4025 eum
790 3959 869 4026 illud
898 3947 1188 4040 α’ναγνρενόμενοε
1205 3953 1251 4026 ,ἐν

139 4057 186 4138 τῷ
209 4055 339 4140 θεάτρῳ
363 4063 437 4146 quid
459 4065 592 4145 valeret„
609 4064 772 4130 obscurum
796 4084 861 4132 esse
885 4065 1006 4135 omnino
1022 4064 1174 4147 nequmt,
1194 4067 1252 4151 nup

138 4162 261 4238 ἔξεισιν
285 4161 323 4226 ἐκ
345 4167 410 4229 reri
433 4164 650 4250 δικαστηρίου
677 4170 788 4237 mirem
815 4170 1099 4254 interpretationem
1126 4191 1251 4254 peneum

141 4278 198 4340 oet.
235 4273 380 4342 Weidner
403 4270 494 4354 (eom.
517 4277 600 4360 Lips.
619 4277 657 4342 ed
678 4277 708 4344 h.
721 4270 767 4358 Δ1.)
791 4277 873 4342 enim
895 4277 967 4342 hoe:
996 4276 1106 4356 „homo
1129 4277 1250 4360 publioe
