3128 5108
795 584 1013 648 ,26-

359 781 434 846 qnae
460 763 582 830 habitae
608 768 695 832 erant
717 768 765 833 die
788 769 893 833 XVIII
914 773 946 835 et
960 769 1034 834 XIX
1057 789 1152 834 mens.
1177 771 1366 852 Elaphebol„
1394 790 1475 835 oon-

353 869 431 948 silio,
456 890 533 953 qnae
555 872 588 936 in
610 873 707 953 priore
731 874 858 957 probata
873 878 967 951 erant,
990 875 1077 941 irrita
1091 875 1260 942 reddidisse
1282 875 1395 959 arguit,
1425 877 1474 942 sio

353 972 431 1051 §72
454 979 566 1062 pergit:
598 970 651 1036 καὶ
674 973 832 1038 τελευταῖν
856 972 911 1038 ἐπὶ
935 973 970 1038 τὸ
994 979 1083 1062 βῆμα
1112 977 1339 1059 παρακαλέσας
1361 973 1476 1039 Ἀντί-

354 1095 480 1158 πατρον
504 1076 685 1167 (prinoipem
701 1087 837 1169 Philippi
859 1080 1033 1171 legationis)
1057 1080 1210 1169 ἐρώτημα
1225 1078 1334 1168 ἠρώτα
1349 1105 1475 1165 προει-

353 1180 424 1245 πών
440 1181 513 1270 μὲν,
537 1180 733 1271 ἅέρήσεται,
758 1186 955 1267 προδιδάξας
977 1186 1022 1265 δὲ,
1047 1185 1070 1250 δ
1084 1184 1145 1274 χρὴ
1163 1187 1472 1274 nazaraenorum

353 1283 610 1369 ἀποκρίνασθαι.
668 1316 765 1379 neque
800 1298 899 1363 solum
938 1299 1142 1376 „sententiam
1176 1299 1242 1364 fieri
1276 1296 1467 1366 ohscuram“

350 1399 450 1464 verbis
473 1392 554 1456 κατὰ
578 1397 635 1480 τῆς
657 1393 844 1474 no'twesi
860 1401 1073 1468 Demosthenis
1094 1403 1308 1487 interrogantis
1332 1407 1364 1469 et
1388 1405 1470 1488 quid

348 1505 525 1587 responderi
541 1523 616 1588 opus
633 1506 683 1585 sit,
708 1509 798 1571 antea
814 1507 949 1572 dooenh's
965 1527 1088 1573 sensnm
1111 1508 1237 1590 prodere
1253 1509 1468 1588 crederentur,

349 1609 512 1675 Weidnero
542 1606 625 1690 („De
650 1612 809 1678 AesohinIs
833 1613 1043 1678 emendatione
1072 1614 1111 1678 ad
1133 1611 1283 1679 Cobetum
1307 1611 1462 1697 epistola“

349 1734 451 1800 progr.
470 1735 607 1799 gymnas.
625 1715 723 1784 Gioss.
744 1720 839 1796 1874,
857 1738 887 1800 p.
908 1711 962 1798 19)
986 1719 1196 1798 ooneesserIm,
1221 1720 1276 1784 sed
1299 1739 1369 1785 eam
1390 1739 1463 1786 esse

347 1822 452 1899 talem,
477 1841 537 1905 qua
557 1821 688 1905 ineptior
710 1823 837 1905 oogiIari
859 1825 999 1905 nequeat
1025 1824 1281 1890 confidentissime
1296 1825 1463 1890 oontendo.

351 1926 519 2006 probabilis
535 1947 604 1993 vero
627 1928 778 1994 sententia
801 1932 831 1994 et
856 1948 931 2011 qnae
948 1929 1079 1994 naturali
1101 1930 1190 1994 huius
1213 1928 1371 2012 seripton's
1395 1932 1464 1996 elo-

348 2039 472 2119 quentia
493 2035 574 2099 haud
587 2035 714 2118 indigna
728 2035 876 2114 videatur,
901 2035 1026 2112 exsistit,
1050 2035 1078 2099 si
1098 2035 1173 2099 haee
1188 2035 1281 2100 verba
1303 2027 1385 2093 κατὰ
1402 2033 1463 2116 τῆς

348 2136 475 2213 πόλεως
503 2143 540 2207 do
563 2160 617 2206 suo
641 2141 759 2205 adioere
788 2126 938 2205 oratorem
960 2142 1118 2222 putemne,
1145 2141 1178 2204 id
1201 2141 1281 2223 quod
1309 2143 1461 2225 exemplis

287 2227 289 2233 ¹
347 2251 438 2316 modo
462 2248 588 2332 prolatis
610 2246 849 2312 commendatur.
897 2246 1008 2310 itemm
1038 2264 1108 2329 ergo
1137 2246 1357 2311 enarrationem
1373 2248 1458 2313 sim-

346 2357 460 2440 plioem
482 2356 514 2419 et
536 2373 625 2419 suum
647 2351 743 2434 ipsius
766 2351 914 2417 iuditium
937 2351 1056 2418 miscet.
1073 2352 1238 2417 -eadem
1262 2354 1293 2417 et
1307 2355 1458 2419 naturalis

347 2461 490 2528 faonndia
517 2463 548 2525 et
578 2459 652 2524 artis
678 2458 804 2540 penuria
832 2457 994 2540 oonspieua
1023 2459 1070 2522 est
1097 2457 1128 2522 in
1157 2457 1303 2540 exemplis
1325 2459 1456 2525 talibus:

347 2568 367 2646 ξ
386 2571 448 2634 116
464 2568 546 2632 enirn
560 2566 694 2647 epitheto
710 2560 884 2644 apenninos
899 2563 939 2627 ad
955 2553 990 2620 zo
1009 2555 1198 2641 ἐπίγραμμα
1219 2563 1338 2629 adIeoto
1354 2569 1460 2632 orator

351 2695 457 2756 „suam
483 2673 584 2757 potius
612 2670 793 2736 sententiam
822 2672 853 2735 et
881 2688 1047 2751 aequorum
1074 2669 1233 2734 hominum
1258 2669 1373 2735 Iudicia
1401 2673 1458 2737 de·

347 2780 489 2865 signavit,
514 2797 606 2862 qnam
628 2797 732 2843 eorum
756 2776 808 2858 qui
822 2776 951 2840 multare
968 2776 1169 2842 Athenienses
1192 2777 1361 2857 voluerunt,
1385 2795 1457 2843 sen-

346 2882 427 2954 sns.“
460 2919 504 2929 -
528 2885 708 2968 quibusdum
737 2901 815 2964 qnae
842 2878 917 2955 §31
944 2881 1086 2962 legrmtur
1115 2882 1206 2947 verba
1231 2874 1376 2963 ἄρχοντα
1400 2875 1457 2940 καὶ

346 2985 539 3067 τειχοποιόν
568 2989 719 3067 oonieras‚
748 2986 890 3069 quoniam
923 2977 1105 3064 „deportet‘
1136 2988 1260 3070 inipso
1288 2988 1457 3054 Pandioni-

348 3101 456 3166 darnm
478 3095 685 3181 psephismate
708 3111 767 3159 non
790 3092 925 3158 extitisse
947 3091 997 3156 vir
1013 3092 1145 3157 dubitari
1166 3080 1279 3176 potest.
1317 3096 1456 3160 oeternm

344 3226 419 3271 num
445 3206 503 3270 hae
525 3221 599 3267 vooe
627 3199 745 3264 adiecta
777 3198 875 3280 „quod
904 3198 969 3280 ipse
997 3197 1203 3263 ratiocinando
1231 3199 1365 3265 effeoIsse
1395 3201 1457 3265 sibi

345 3312 429 3376 visus
446 3314 494 3378 est
508 3314 665 3390 tamquam
681 3306 841 3372 eonsilium
859 3305 889 3380 et
904 3304 1093 3369 voluntatem
1108 3305 1271 3371 tribulibus
1284 3302 1450 3372 attribuat“
1528 3385 1529 3390 ἵ

346 3407 406 3495 (sio
431 3416 553 3481 Weidn.
578 3433 655 3480 oom.
680 3413 727 3478 ed.
745 3411 827 3494 Iripa
853 3410 938 3475 adh.
956 3402 1003 3489 1.),
1028 3431 1064 3475 ex
1086 3411 1286 3476 similitudino
1309 3413 1399 3480 huius
1421 3417 1456 3478 et

346 3541 450 3588 eorum
473 3541 549 3605 quos
572 3519 662 3587 modo
686 3517 867 3601 perlustravi
888 3516 1025 3583 Iooomm
1047 3517 1135 3581 valde
1159 3517 1285 3582 dubium
1308 3519 1385 3584 mihi
1406 3520 1451 3584 vi-

346 3629 410 3695 deri
432 3628 537 3694 fateor.
563 3662 603 3673 -

433 3733 526 3800 Aliud
550 3752 668 3816 quoque
692 3733 783 3797 huius
805 3731 924 3814 generis
940 3733 1111 3814 exemplum
1134 3732 1294 3814 proferam.
1336 3729 1455 3806 §onim
1537 3781 1538 3843 p

347 3843 410 3906 149
434 3843 543 3917 orator,
568 3858 638 3904 oum
661 3839 803 3921 quuatur
818 3837 855 3901 de
878 3839 968 3902 tertio
983 3837 1198 3903 Demosthenis
1220 3837 1363 3913 faoinore,
1394 3858 1454 3919 qno

344 3947 371 4012 is
394 3946 568 4029 impedierit
590 3967 627 4011 ne
650 3965 708 4028 par
733 3963 801 4008 oum
824 3943 966 4025 Philippo
990 3943 1084 4021 fieret,
1107 3943 1183 4008 haee
1207 3942 1297 4007 dieii:
1327 3933 1454 4024 ἄναπη·
1536 3991 1537 3996 1

345 4047 446 4134 δήσας
469 4047 505 4114 ἐν
530 4051 568 4137 τῇ
591 4047 747 4133 ἐκκλησίᾳ
771 4041 907 4114 οὐδενὸς
929 4038 1116 4124 nordemanne
1134 4043 1288 4122 λέγοντος
1311 4038 1387 4105 oda*
1410 4039 1455 4119 ὡς

344 4155 397 4218 δεῖ
410 4156 583 4217 ποιεῖσθαι
596 4150 742 4240 εἰρήνην,
761 4146 835 4215 οὐθ’
848 4145 890 4221 ὡς
903 4147 944 4213 ori
956 4149 1015 4226 δεῖ,
1033 4144 1103 4212 ἀλλ’
1115 4144 1157 4220 ὡς
1172 4146 1254 4230 piene
1272 4147 1454 4235 κηρύγματι
1535 4219 1536 4228 ¹

345 4257 448 4342 τούτῳ
473 4255 541 4344 (Ah,
567 4263 664 4324 τοῦτο
682 4257 864 4344 κηρύγματι
879 4284 908 4342 n,
933 4255 1031 4321 τοῦτο
1056 4254 1206 4342 κήρυγμά
1229 4277 1260 4319 ιι
1276 4253 1360 4344 agm)
1386 4263 1455 4327 ταῖς
