3128 5108
577 538 794 601 „41-

133 722 260 800 tiatnm
290 723 346 788 hoc
370 723 464 788 altero
493 725 628 806 suppleri
654 745 692 790 ne
722 727 881 808 expectent
910 725 1043 808 quidem.
1091 723 1241 807 quomodo

133 848 206 913 ergo
234 828 415 893 vocabulum
448 817 672 910 ἀδικημάτων,
710 831 790 914 qnod
824 831 855 895 in
888 831 1052 913 posteriore
1087 829 1242 896 enuntiato

133 935 260 1018 legitur,
284 935 316 1000 in
338 936 437 1016 priore
461 955 496 1000 er
511 936 652 1003 omnibus
675 936 812 1020 partibus
836 936 974 1001 absoluto
996 934 1151 1001 subaudiri
1172 937 1242 1018 pot
1286 947 1288 952 ·

134 1044 202 1107 est?
248 1041 309 1106 imo
334 1041 537 1106 concinnitate
561 1044 703 1127 neglectu
730 1041 793 1106 illis
816 1041 966 1124 prioribus
993 1032 1050 1118 ,rb
1075 1032 1151 1121 ἴδια,
1175 1040 1195 1105 i.
1213 1061 1240 1106 e.

133 1148 197 1214 vita
220 1147 356 1230 privam
384 1166 420 1211 ea
443 1151 641 1229 opponuntur,
666 1167 743 1232 quae
766 1147 888 1230 publice
911 1145 1006 1231 gessit
1019 1145 1241 1212 Demosthenes

134 1256 165 1318 et
188 1272 265 1336 quae
289 1254 389 1318 orator
411 1254 513 1318 noster
535 1255 656 1336 proprio
678 1254 798 1319 nomine
822 1244 965 1335 δημόσια
981 1242 1164 1332 ἀδικήματα
1187 1269 1242 1334 ap-

133 1345 241 1442 pellat.
287 1379 385 1440 neque
414 1359 534 1425 etiamsi
561 1361 645 1444 prius
668 1359 856 1425 enuntiatum
883 1359 1034 1442 integram
1062 1356 1243 1422 sententiam

133 1484 193 1529 non
209 1465 372 1542 exhiberet,
390 1465 479 1530 aliter
493 1465 687 1548 interpretari
702 1466 818 1542 liceret,
843 1465 966 1548 quiana
984 1483 1001 1528 a
1015 1461 1102 1528 tanta
1118 1462 1242 1546 quidem

132 1569 326 1655 neglegentia
349 1571 523 1635 abhorreret
544 1570 593 1636 hic
610 1571 747 1654 scriptor,
772 1571 826 1654 qui
849 1572 897 1635 vel
911 1570 986 1636 talia
1008 1568 1130 1652 scripsit
1146 1563 1164 1643 ἓ
1182 1568 1238 1632 19:

134 1666 176 1734 οὐ
199 1672 313 1734 τοίνυν
341 1669 443 1752 μόνοι
473 1672 508 1734 oc‘
536 1669 726 1757 τριήραρχοι
750 1668 831 1736 ἀλλὰ
861 1667 915 1734 καὶ
944 1667 982 1733 τὰ
1011 1673 1147 1750 μέγιστα
1176 1669 1241 1730 τῶν

133 1774 170 1838 ἐν
194 1778 235 1864 τῇ
262 1775 361 1841 πόλει
385 1777 564 1860 συνεδρίων
593 1773 658 1840 ὑπὸ
690 1775 750 1839 τάν
775 1778 839 1840 τῶν
869 1775 1085 1863 δικαστηρίων
1114 1773 1241 1860 ἔρχεται

135 1884 266 1967 ψῆφον.
313 1907 389 1970 quae
418 1887 511 1952 verba
539 1889 566 1953 si
595 1890 768 1972 sequimur,
804 1890 955 1954 oratorem
984 1885 1028 1951 sic
1057 1885 1241 1969 distinguere

133 1993 323 2073 redimimur,
348 1997 382 2059 ut
405 1994 487 2059 dicat
508 2012 569 2059 non
592 1995 691 2060 solum
715 1995 838 2078 publica
855 1993 981 2060 consilia
1003 1991 1105 2057 minus
1127 1992 1241 2075 gravia,

133 2088 211 2163 τοδς
233 2091 464 2179 τριηράρχους,
495 2099 550 2163 sed
577 2101 670 2166 etiam
693 2101 875 2186 gravissima
897 2099 1005 2164 homm
1035 2097 1146 2162 rationi
1171 2096 1241 2160 red-

134 2203 251 2268 dendae
275 2224 341 2270 esse
357 2205 494 2270 obnoxia.
542 2225 639 2287 neque
662 2208 766 2272 tamen
781 2205 947 2272 Aeschines
971 2204 1028 2269 hoc
1050 2203 1148 2268 dicere
1165 2203 1240 2281 vult,

134 2311 277 2393 quoniam
301 2311 460 2376 trierarchi
483 2311 604 2377 omnino
621 2331 680 2376 non
696 2315 767 2376 sunt
793 2304 969 2396 ,synedria“
989 2309 1038 2374 vel
1066 2302 1241 2387 ,consilia“.

132 2417 227 2482 immo
243 2417 321 2483 hanc
338 2417 510 2498 simplicem
533 2418 714 2483 seutentiam
736 2417 926 2500 pronuntiat:
950 2435 1009 2480 non
1032 2414 1131 2480 solum
1153 2414 1242 2479 trier-

132 2521 218 2588 archi
244 2526 345 2589 vestro
381 2522 523 2606 suffragio
552 2523 681 2588 subiecti
709 2525 793 2602 sunt,
834 2521 1003 2588 sedetiam
1031 2520 1158 2585 consilia
1184 2538 1242 2602 pu·
1291 2557 1294 2562 -

132 2628 223 2706 blica,
248 2629 305 2692 vel¹
319 2630 462 2706 maxima,
486 2631 521 2693 ut
544 2631 666 2695 senatus
691 2631 721 2693 et
735 2628 989 2710 Areopagitarum
1010 2625 1181 2692 consilium.
1199 2657 1242 2666 -

133 2753 209 2816 quae
239 2734 266 2798 si
293 2733 337 2798 ita
365 2738 450 2812 sunt,
475 2733 621 2799 Weidner
650 2754 719 2798 oum
748 2729 854 2809 §203
878 2727 939 2812 (ed.
964 2733 1009 2796 ΙΙΙ
1032 2724 1147 2812 Berol.)
1177 2725 1241 2788 τῶν

131 2829 341 2920 ἀδικημάτων
357 2840 449 2905 verba
468 2841 736 2922 grammaticorum
753 2838 910 2905 sedulitati
924 2837 1078 2916 adscribit,
1095 2838 1242 2919 quantum

131 2947 213 3011 absit
236 2965 254 3010 a
275 2945 413 3022 veritate,
438 2945 530 3010 simul
552 2947 687 3028 apparet.
715 2979 754 2988 —

222 3052 346 3133 Iamque
369 3053 518 3116 oratorem
541 3055 679 3117 nostrum
700 3050 733 3115 in
757 3050 918 3115 verborum
942 3047 1141 3113 collocatione
1167 3067 1241 3130 qno-

132 3179 190 3241 que
214 3177 300 3222 suam
324 3157 475 3240 quandam
504 3155 600 3239 ipsius
628 3156 877 3222 consuetudinem
904 3155 994 3235 atque
1017 3153 1241 3236 neglegentiam

132 3263 220 3346 sequi
246 3283 335 3328 nemo
364 3262 469 3345 opinor
495 3262 664 3328 mirabitur.
713 3263 798 3328 cuins
836 3258 957 3325 dicendi
991 3257 1124 3341 generis,
1160 3259 1242 3342 quod

101 3356 104 3361 ’
131 3368 279 3434 latissime
302 3370 389 3452 patet
410 3369 442 3433 in
464 3367 624 3432 Aeschinis
647 3367 841 3445 orationibus,
865 3365 923 3431 tria
945 3364 1084 3446 exempla
1106 3365 1240 3445 aderam,
1318 3363 1320 3368 ’

132 3493 209 3557 quae
232 3474 304 3540 uiris
322 3474 429 3553 doctis,
454 3475 505 3556 qui
527 3493 576 3538 me
600 3473 699 3538 iudice
722 3474 799 3539 falso
816 3470 972 3554 scriptoris
987 3472 1123 3535 mentem
1146 3470 1240 3536 inter-

131 3581 245 3664 pretati
268 3582 348 3656 sunt,
373 3580 436 3644 sine
459 3579 539 3643 iusta
562 3597 654 3644 causa
676 3598 777 3645 moras
801 3578 978 3644 creaverint.
1027 3595 1154 3659 quorum
1177 3575 1240 3659 pri-

130 3705 217 3750 mum
233 3683 346 3768 legitur
361 3680 379 3762 ἓ
396 3686 447 3749 27.
488 3687 588 3749 orator
602 3685 842 3750 Demosthenem
858 3703 893 3749 eo
909 3703 997 3762 anno,
1021 3701 1078 3764 qno
1096 3680 1240 3763 Ctesipho

131 3791 320 3875 rogationem
343 3791 468 3866 tulerat,
492 3791 698 3872 heichopoeiae
725 3809 850 3856 munere
878 3808 982 3856 revera
1009 3787 1147 3852 hmotnm
1175 3804 1240 3850 essa

132 3897 402 3974 demonstraturus,
427 3898 585 3978 tamqnam
609 3896 825 3960 documentum
846 3894 948 3977 ipsum
971 3893 1061 3959 huius
1077 3891 1147 3956 anni
1170 3909 1240 3974 pse-

131 4002 254 4084 phisma
282 4002 382 4080 affert,
418 4020 476 4082 quo
499 4001 722 4066 Demosthenes
750 3994 905 4071 ἐπέταξεν
926 4044 933 4059 ·
953 4047 985 4063 ..
1015 3989 1152 4078 ἑκάστης
1175 3992 1240 4053 τάν

133 4101 248 4184 φυλῶν
283 4101 416 4164 ἑλέσθαι
450 4099 527 4172 τοὺς
553 4099 858 4186 ἐπιμελησομένους
891 4103 954 4164 τῶν
984 4099 1088 4182 ἔργων
1118 4093 1174 4159 ἐπὶ
1202 4093 1240 4158 τὰ

132 4209 224 4294 τείχη
250 4205 302 4270 καὶ
326 4210 451 4281 ταμίας.
499 4232 574 4294 quae
601 4213 693 4276 uerba
716 4215 750 4278 ut
779 4212 817 4276 ad
841 4212 1030 4295 probabilem
1059 4207 1240 4274 sententiam
