3128 5108
791 569 1005 633 -46-

348 742 448 834 oppos
476 742 537 810 oda
566 742 606 808 ἂν
635 751 763 829 γένοιτο
792 749 935 836 δημοσίᾳ
964 748 1114 836 χρηστός,
1144 745 1211 814 orio*
1240 747 1333 822 ὅστις
1365 747 1462 814 ἐστὶν

347 850 435 916 οἴκοι
465 852 592 936 φαῦλος
622 850 776 919 οὐδέποτ’
804 845 846 941 ἦν
875 855 911 918 ἐν
942 856 1135 939 Μακεδονίᾳ
1170 853 1268 926 καλὸς
1298 853 1462 940 κάγαθός.

346 963 527 1030 novissimus
550 983 620 1030 vero
637 965 807 1032 orationum
830 967 928 1034 editor
943 969 1142 1044 enuntiatum,
1167 965 1248 1048 quod
1271 968 1366 1033 tertio
1391 968 1463 1032 loco

346 1069 484 1146 habetur,
509 1069 613 1136 abesse
628 1073 755 1138 mavult.
795 1077 827 1138 at
849 1092 908 1138 non
930 1073 1113 1139 intellexisse
1136 1071 1258 1137 videtur
1280 1093 1308 1137 ι.
1325 1073 1357 1137 d.
1382 1091 1464 1154 qua-

347 1177 418 1242 tuor
445 1175 500 1240 has
524 1176 688 1242 sententias
710 1178 789 1242 inter
818 1197 849 1244 se
878 1178 921 1244 sic
945 1199 1010 1246 esse
1034 1197 1178 1256 conexas,
1208 1182 1243 1244 ut
1264 1179 1383 1261 primae
1410 1197 1463 1242 rc-

349 1281 496 1364 spondeat
520 1283 624 1363 tertia,
655 1287 762 1366 quarta
789 1303 859 1350 vero
888 1285 985 1351 alteri.
1032 1285 1130 1368 primo
1154 1283 1235 1349 enim
1264 1285 1405 1349 membro
1433 1285 1464 1346 et

350 1387 440 1451 tertio
463 1389 614 1454 sententia
632 1389 780 1455 unircma
810 1409 880 1455 cum
902 1391 1066 1470 statuatur,
1098 1391 1193 1456 altero
1217 1393 1248 1455 et
1271 1391 1380 1470 quarto
1405 1408 1461 1452 ex·

349 1491 450 1573 empla
473 1493 657 1574 adiciuntur,
688 1494 718 1558 in
742 1495 850 1576 quibus
873 1495 949 1561 vitia
971 1495 1025 1560 illa
1047 1495 1209 1578 conspicua
1233 1497 1312 1560 sunt.
1360 1513 1462 1576 neque

349 1615 436 1680 pono
460 1599 557 1680 primo
582 1600 737 1666 enuntiato
761 1604 793 1665 et
820 1601 910 1666 tertio
938 1600 1019 1666 idem
1047 1601 1226 1666 continetur.
1273 1619 1344 1664 nam
1374 1598 1461 1664 idem

351 1721 422 1768 sane
445 1705 650 1786 praedicatur:
675 1696 694 1763 ὁ
710 1757 716 1771 ,
732 1755 760 1770 ..
780 1697 927 1788 πονηρὸς
949 1697 1011 1763 οὐκ
1034 1696 1075 1763 ἄν
1093 1704 1221 1779 γένοιτο
1236 1757 1243 1771 ,
1258 1758 1265 1771 ,
1281 1749 1288 1762 .
1306 1697 1459 1786 χρηστός,

349 1808 403 1872 sed
425 1810 508 1893 prius
536 1811 573 1876 de
597 1811 776 1896 demagogo‚
810 1821 913 1895 postea
936 1812 972 1876 de
996 1812 1070 1878 cive.
1118 1810 1272 1894 adquam
1295 1810 1460 1875 diversita-

351 1916 414 1978 tem
444 1917 582 2000 exempla
609 1935 726 1998 quoque
754 1918 830 1982 bene
860 1918 1002 2000 adaptata
1030 1920 1109 1984 sunt.
1157 1936 1253 1998 neque
1276 1915 1370 1981 verba
1400 1929 1460 1973 πο·

351 2014 451 2101 vectis
474 2026 504 2088 et
527 2016 666 2104 χρησιός
688 2023 791 2087 iterari
812 2023 946 2088 alienum
968 2025 1021 2087 aut
1043 2021 1201 2106 indignum
1224 2020 1344 2086 videtur
1366 2020 1458 2084 huius

351 2127 478 2192 oratoris
506 2129 690 2209 eloquentia,
728 2129 780 2211 qui
808 2128 857 2194 vel
885 2129 960 2194 talia
988 2127 1122 2211 scripsit,
1157 2125 1258 2209 qualia
1291 2125 1384 2190 huius
1415 2143 1456 2190 or.

351 2226 392 2307 §d
408 2234 482 2311 200,
507 2233 842 2318 201‚2021eguntnr;
867 2234 904 2298 cf.
931 2229 1028 2311 §147
1054 2224 1269 2314 (ἀγανακτεῖ),
1295 2231 1359 2296 136
1384 2223 1459 2311 (πο-

351 2331 498 2418 λιτείαν),
522 2339 600 2404 Tim.
619 2339 661 2404 54
685 2329 877 2418 (ἅνθρωπος
898 2331 1059 2420 δημόσιος
1082 2327 1210 2418 οἰκέιης
1233 2333 1289 2417 τῆς
1305 2329 1458 2417 πόλεως),
1544 2415 1545 2422 ¹

351 2441 424 2506 ibid.
450 2444 488 2508 51
509 2447 539 2510 et
556 2445 598 2508 52
622 2447 722 2522 extra,
748 2446 790 2510 32
814 2437 896 2524 (τοῖς
918 2436 1103 2523 ἀκούουσι).
1138 2443 1177 2508 cf.
1200 2443 1356 2525 practerea
1379 2461 1457 2525 quae

353 2545 414 2610 dixi
437 2548 476 2613 ad
499 2545 587 2623 559.
614 2585 653 2594 —-
679 2551 753 2615 haec
776 2569 847 2616 vero
871 2550 958 2628 ratio,
983 2569 1068 2630 quau,
1093 2549 1119 2614 si
1143 2547 1299 2631 scriptoris
1322 2549 1458 2612 mentem

353 2653 433 2716 recte
456 2654 645 2737 interpretor,
669 2655 748 2721 inter
771 2656 825 2723 has
848 2655 1012 2721 sententias
1035 2654 1206 2731 intercedit,
1232 2653 1368 2717 oratione
1389 2651 1459 2734 ipsa

353 2761 493 2824 accurate
521 2763 556 2825 ut
579 2760 708 2826 debebat
735 2781 794 2826 non
823 2762 1010 2844 exprimitur.
1057 2769 1187 2841 namque
1211 2759 1313 2822 orator
1336 2761 1458 2824 senten-

353 2863 426 2942 tias‚
455 2867 541 2946 quasi
569 2869 670 2932 essent
698 2867 834 2933 eiusdem
863 2865 994 2951 generis,
1029 2864 1208 2948 simpliciter
1234 2863 1319 2927 iuxta
1347 2883 1460 2946 ponere

354 2970 472 3048 maluit,
499 2991 589 3053 quam
606 2972 732 3037 alteram
757 2977 788 3038 et
803 2975 943 3054 quartam
965 2991 1018 3054 per
1038 2969 1221 3053 particulam
1245 2961 1304 3044 γάρ
1320 2967 1370 3032 vel
1387 2961 1463 3024 ἐπεί

355 3075 470 3158 primae
493 3077 674 3162 subiungere
698 3082 729 3144 at
750 3078 868 3155 tertiae,
892 3077 924 3140 id
949 3076 1029 3158 quod
1053 3077 1134 3140 certe
1157 3073 1372 3157 praestabilius
1396 3075 1461 3137 erat

355 3184 386 3247 et
409 3183 518 3265 aptius.
565 3186 654 3264 atque
682 3183 730 3247 uel
752 3184 784 3246 in
812 3183 869 3247 huc
899 3202 931 3246 re
954 3182 1027 3248 artis
1058 3180 1206 3263 quaedam
1229 3179 1332 3261 inopia
1354 3181 1386 3243 et
1406 3197 1461 3242 ne·

334 3288 509 3372 'glegentia
532 3291 703 3372 comparet,
734 3309 810 3372 quae
834 3309 869 3353 ex
890 3287 1011 3369 proprio
1035 3287 1193 3351 Aeschinis
1220 3301 1304 3349 more
1326 3283 1462 3348 nascitur

357 3411 492 3476 quaeque
515 3394 581 3460 aliis
604 3415 724 3478 quoque
747 3393 898 3459 similibus
920 3393 1066 3475 exemplis
1090 3391 1271 3477 agnoscitur,
1295 3389 1327 3453 in
1351 3388 1461 3470 quibus

357 3499 413 3563 viri
430 3499 513 3565 docti
537 3501 662 3568 oratoris
678 3519 772 3578 more,
797 3518 855 3582 quo
881 3495 1135 3574 παρατακτικυῖς,
1160 3516 1220 3563 non
1237 3485 1462 3560 ὖποτακτικῶς

357 3607 519 3670 sententias
535 3605 699 3690 coniungit,
724 3625 782 3671 non
806 3606 879 3670 satis
895 3608 1053 3688 perspecto
1079 3603 1188 3669 ‘niuria
1203 3600 1402 3666 offenderunt.
1419 3634 1460 3642 —

446 3709 542 3790 Quam
567 3713 747 3778 senteutiam
770 3714 804 3775 ut
818 3711 973 3790 evincam,
998 3710 1141 3793 primurn,
1165 3727 1201 3771 ne
1225 3707 1362 3789 repetam
1385 3721 1461 3786 quae

357 3815 418 3878 iam
447 3816 529 3881 dictu
556 3820 640 3895 sunt,
675 3817 822 3882 admoneo
851 3835 900 3894 ea,
937 3835 1012 3898 qnae
1040 3835 1069 3898 p.
1093 3817 1134 3880 20
1162 3813 1198 3878 de
1233 3807 1314 3889 §19
1345 3809 1459 3875 verbis:

360 3913 461 3978 πάλιν
492 3919 568 3990 τούς
598 3917 813 4003 τριηράρχους
846 3941 941 4004 usque
969 3922 1008 3985 ad
1035 3911 1243 4000 ἀνηλωκότας
1269 3909 1460 3994 φιλοτιμίαι·

359 4027 490 4108 exposui.
538 4030 569 4092 ct
592 4029 629 4093 de
652 4028 871 4093 sententiarum
900 4045 1013 4093 conexu
1040 4045 1119 4091 nunc
1144 4024 1222 4090 addo
1246 4021 1460 4096 Schmidtium,

359 4131 411 4212 qui
432 4131 562 4198 alterurn
590 4128 626 4191 δέ
649 4135 720 4216 post
742 4121 959 4200 ἀποδιδόντας
988 4131 1147 4215 expungit,
1177 4128 1250 4211 quia
1278 4127 1380 4192 orator
1405 4126 1462 4190 hoc

359 4236 434 4308 velit
463 4235 576 4312 dicere;
616 4257 693 4318 „non
721 4236 837 4302 faciunt
868 4235 1024 4301 trierarchi
1053 4255 1136 4302 more
1162 4231 1393 4311 Demosthenis,
1429 4233 1463 4300 ut
