3128 5108
558 555 777 618 -27-

96 733 343 819 Βοιωτάρχαις
372 735 609 822 προκηρύττων
638 732 821 820 ἀναφέρειν
851 735 957 815 iuueni
986 731 1043 818 (A,
1073 728 1162 814 αὐτῷ
1184 731 1225 821 Β)

96 837 139 903 τὰ
165 843 259 927 μέρη
283 846 347 906 τών
370 839 563 928 λημμάτων,
592 839 755 922 διώμνυτο
783 837 844 925 τήν
867 836 1080 927 Ἀθηνᾶν...
1108 827 1228 926 ήμην,

97 944 133 1010 e'c'
163 970 220 1022 τις
249 946 320 1032 ἐρεῖ
345 944 387 1020 ὡς
415 945 477 1034 χρὴ
512 947 596 1030 πρὸς
627 947 800 1012 Φίλιππον
836 944 973 1033 εἰρήνην
1008 945 1224 1032 ποιήσασθαι,

99 1050 253 1129 ἀπάξειν
278 1050 325 1124 εἰς
347 1051 383 1120 τὸ
401 1053 637 1141 δεσμωτήριον.
674 1063 704 1124 et
728 1078 912 1142 quamquam
937 1078 1013 1142 quae
1036 1059 1077 1124 sit
1100 1058 1226 1126 oratoris

99 1165 280 1242 sententia,
310 1165 437 1230 dubium
461 1185 527 1231 esse
549 1165 669 1248 nequit,
693 1167 797 1230 tamen
819 1164 1037 1248 interrogatur.
1067 1183 1125 1246 quo
1147 1163 1226 1230 illud

99 1270 304 1336 enuntiatum
316 1263 383 1330 ἀλλ’
399 1310 442 1318 -
456 1264 692 1350 προκηρύττων
709 1271 870 1352 pertineat,
895 1270 975 1352 quod
990 1289 1044 1352 per
1060 1269 1225 1335 orationem

100 1377 233 1458 potius,
264 1395 357 1459 quam
383 1396 438 1459 per
466 1378 649 1442 sententiam
678 1378 840 1460 opponitur
868 1377 1063 1460 praecedenti
1090 1367 1227 1442 ccidente

101 1474 306 1561 ἀνθρώπων
323 1477 478 1559 λέγοντος
501 1503 568 1566 qs..
592 1504 664 1549 nam
679 1475 893 1563 ἀναπηδήσας
913 1485 1040 1549 intepet
1061 1475 1225 1557 διώμνυτο

100 1589 186 1655 licet
210 1591 371 1656 haesitare.
418 1591 473 1654 sed
494 1591 572 1655 mihi
594 1589 716 1672 quidem
733 1591 952 1655 sententiarum
974 1609 1068 1655 nexus
1084 1588 1226 1672 prohabi-

102 1698 169 1762 lior
196 1697 263 1762 fieri
286 1696 416 1775 videtur,
446 1698 472 1761 si
495 1697 554 1763 duo
579 1680 735 1763 enuntiata
761 1696 895 1760 interae
919 1697 1067 1780 opposita,
1091 1686 1227 1762 οὐδενὸς

103 1822 212 1886 nsque
236 1802 276 1866 ad
298 1796 488 1883 λημμάτων,
513 1823 573 1868 una
596 1823 666 1869 eum
690 1793 912 1884 ἀναπηδήσας,
938 1805 992 1869 sed
1007 1803 1090 1868 varia
1110 1802 1226 1868 ratione

106 1906 164 1983 (cf.
184 1908 302 1992 Krueg.
319 1927 364 1991 gr.
382 1928 427 1992 gr.
445 1906 464 1983 ξ
481 1911 534 1974 56.
554 1911 605 1974 15.
626 1907 678 1987 12)
702 1902 900 1983 οδιάμνντο
917 1910 1048 1991 pendere
1071 1911 1230 1992 putamus.

107 2013 238 2079 codices
263 2013 358 2094 igitur
381 2013 473 2080 duces
502 2015 528 2079 si
555 2016 724 2097 sequimur,
755 2015 831 2079 talia
851 2014 918 2080 vult
940 2015 1056 2079 orator:
1086 2015 1227 2082 exsiliens

106 2121 142 2184 in
169 2120 302 2186 ecclesia
323 2121 407 2186 nullo
430 2122 551 2186 homine
573 2141 681 2204 pacem
704 2124 757 2188 aut
779 2123 923 2187 suadente
948 2124 1000 2187 aut
1023 2119 1226 2199 dissuadente,

109 2228 171 2292 sed
196 2257 239 2266 -
261 2226 297 2289 ut
325 2226 405 2290 enim
434 2226 492 2290 sihi
520 2226 605 2291 finxit
629 2227 728 2291 animo
752 2227 801 2292 vel
823 2226 1048 2311 imaginabatur
1065 2257 1106 2266 ··-
1129 2225 1227 2291 Boeo-

110 2334 233 2400 tarchis
257 2333 343 2415 quasi
365 2333 488 2417 publica
512 2335 691 2399 auctoritate
715 2335 895 2399 denuntians
919 2324 1026 2413 (verba
1048 2331 1228 2398 addubitata

113 2433 300 2523 κηρύγματι
330 2435 435 2517 τούτῳ
463 2442 513 2507 vel
541 2439 638 2500 τοῦτο
669 2435 819 2523 κήρυγμά
849 2459 878 2498 τι
907 2442 1073 2524 paullisper
1095 2435 1226 2518 omitto),

111 2550 150 2612 ut
174 2548 236 2612 sibi
252 2547 388 2612 debitam
405 2539 473 2628 (τὰ)
495 2547 612 2612 reditus
634 2538 666 2627 (a
681 2549 823 2631 Philippo
839 2537 1008 2627 redeuntis)
1030 2549 1178 2629 partemt
1213 2583 1227 2596 -

112 2652 234 2729 darent,
260 2653 352 2718 simul
368 2653 482 2718 iuravit
504 2673 535 2718 se
553 2644 693 2735 eum'qui
709 2653 747 2717 de
762 2671 837 2736 pace
848 2653 1036 2740 loqueretur,
1059 2652 1092 2716 in
1106 2652 1228 2718 vinnula

114 2759 330 2825 coniecturum
359 2778 434 2824 esse.
482 2760 573 2840 atque
602 2777 671 2822 oum
700 2758 745 2822 sic
773 2758 1013 2822 Demosthenem
1039 2757 1072 2821 in
1099 2757 1228 2822 ecclesia

113 2863 179 2929 duo
193 2864 365 2942 facientem,
390 2883 466 2945 quae
483 2863 597 2946 duplici
619 2863 723 2928 timori
738 2866 826 2928 antea
848 2854 1079 2944 (meinorato)
1102 2882 1226 2947 respon·

114 2970 226 3047 deant,
259 2969 487 3034 denuntiantem
510 2987 552 3033 se.
578 2969 700 3050 publiea
723 2968 902 3034 auctoritate
927 2971 958 3034 ct
985 2968 1150 3048 imantem,
1180 2969 1227 3033 in·

114 3077 221 3155 ducat,
248 3077 350 3140 orator
377 3076 460 3157 prius
483 3074 575 3153 illud,
601 3074 742 3156 quoniam
766 3073 855 3139 ¹addit
878 3065 921 3143 ὥς
950 3065 1047 3155 ᾤετο,
1078 3093 1114 3139 ea
1142 3074 1228 3140 effert

113 3181 244 3260 ratione,
267 3183 304 3245 ut
317 3199 423 3245 revera
444 3181 539 3244 telem
554 3180 768 3244 Demosthenis
783 3180 1057 3261 pronuntiationem
1069 3173 1228 3264 publicam

114 3286 333 3352 auctoritatem
348 3286 489 3351 hahuisse
505 3289 597 3370 neget
612 3286 643 3350 et
658 3286 897 3351 Demosthenem
912 3304 967 3368 pro
984 3305 1040 3351 sua
1054 3286 1228 3370 arrogantia

115 3395 176 3458 hoc
192 3392 252 3458 sihi
266 3391 386 3456 finxisse
404 3389 521 3456 doceat.
561 3409 620 3472 qua
634 3410 666 3455 re
683 3392 783 3456 orator
799 3390 988 3463 audientium
1003 3391 1099 3456 risum
1115 3393 1225 3457 movet.

116 3502 211 3581 atque
228 3499 330 3580 qualia
345 3496 568 3562 Demosthenes
591 3495 840 3577 pronuntiaverit,
864 3517 900 3561 ex
916 3498 1072 3562 enuntiato
1089 3497 1227 3579 opposito

116 3605 260 3686 apparet:
291 3593 428 3670 οὐδενὸς
458 3592 647 3678 άνθράπων
670 3596 824 3677 λέγοντος
847 3597 928 3668 uzi..
952 3601 1097 3668 nimirum
1120 3620 1227 3684 pacem

116 3708 318 3773 Boeotarchis
342 3707 446 3788 utique
470 3725 528 3770 non
552 3726 616 3772 esse
640 3706 819 3774 faciendam.
857 3708 920 3772 iam
943 3706 1029 3772 vides
1043 3707 1227 3772 Aeschinem

116 3812 220 3878 verbis
236 3813 319 3878 hisce
335 3802 405 3870 ἀλλ’
420 3847 461 3858 -
475 3803 517 3878 ὡς
533 3803 614 3887 ᾤετο
627 3843 670 3854 ··-
683 3805 918 3894 προκηρύττων
935 3806 1001 3870 κτλ.
1026 3831 1080 3894 pro
1095 3811 1228 3894 simplici

117 3918 157 3984 dc
186 3919 429 4001 pronuntiatione
458 3919 644 3982 enarratione
680 3938 768 3984 suum
796 3938 906 4002 ponere
941 3916 1086 3982 iudicium
1115 3917 1152 3982 de
1181 3936 1226 3994 eo,

120 4023 203 4105 quod
229 4023 452 4090 Demosthenes
481 4024 539 4088 hac
568 4024 812 4104 pronuntiatione
840 4022 975 4088 effecisse
1006 4021 1065 4086 sihi
1097 4022 1226 4089 finxerit.

118 4147 191 4194 nam
213 4128 272 4195 hoe
294 4129 405 4212 ipsum,
430 4128 489 4194 sihi
510 4129 631 4210 partem
654 4128 726 4194 dare
748 4129 945 4213 pecuniarum
958 4145 976 4192 a
991 4125 1135 4211 Philippo
1156 4146 1227 4211 pro-

120 4234 243 4300 ditionis
278 4252 369 4300 causa
402 4237 597 4317 acceptarum
622 4234 843 4300 Demosthenes
876 4234 966 4317 plane
1000 4235 1092 4317 atque
1125 4235 1227 4315 aperte
