3128 5108
806 544 1022 608 -32-

364 733 453 812 atque
478 734 511 794 ut
528 731 661 812 primum
678 729 815 793 codicum
841 728 1073 811 discrepantiam
1090 729 1319 796 memorabilem
1343 729 1467 808 solvam,

363 838 515 921 proticisci
537 837 613 902 mibi
636 837 728 902 liceat
751 857 770 902 a
792 837 926 920 pleniore
949 835 1087 901 codicum
1110 837 1136 902 B
1161 836 1308 913 oratione,
1340 835 1392 917 qui
1416 836 1469 900 soli

364 943 494 1008 addunt:
521 939 627 1001 καίτοι
645 936 848 1018 θαυμάσειεν
865 934 907 1002 ἄν
925 960 971 1009 τις
994 933 1086 1016 ὑμῶν
1111 934 1140 1001 εἰ
1163 934 1228 1002 εἰσὶ
1244 936 1376 1019 φύσεως
1399 959 1470 1021 γρα-

363 1045 434 1127 φαί.
482 1070 558 1133 quae
581 1052 686 1128 verba,
719 1051 859 1132 quoniam
888 1043 918 1109 ai
946 1049 1094 1134 particula
1117 1068 1186 1114 cum
1209 1049 1375 1114 indicativo
1399 1069 1469 1114 oon-

362 1157 482 1234 iuneta,
514 1157 540 1221 si
564 1176 582 1221 a
609 1157 740 1222 mirandi
769 1157 869 1223 verbis
897 1157 1024 1238 pendet,
1054 1156 1181 1221 eandem
1209 1157 1298 1236 amus
1328 1147 1380 1213 ὅτι
1409 1156 1470 1220 vim

364 1256 492 1347 (Kmeg.
516 1284 562 1347 gr.
588 1283 632 1347 gr.
658 1262 747 1342 §aa
764 1267 795 1341 5,
813 1257 849 1346 l)
872 1265 977 1341 habet,
1007 1264 1086 1328 hane
1109 1261 1290 1344 sententiam
1314 1262 1469 1327 exhibent:

363 1375 465 1434 tamen
501 1371 610 1452 aliquis
646 1373 781 1436 vestrum
814 1371 942 1437 miretur
971 1389 1074 1434 revera
1102 1372 1227 1434 naturae
1262 1369 1469 1435 accusationes

366 1477 478 1540 extare.
527 1495 602 1557 quae
632 1477 658 1541 si
685 1477 728 1542 ita
757 1480 839 1555 sunt,
872 1477 998 1562 cogitari
1027 1495 1086 1541 non
1109 1476 1209 1556 potest
1233 1474 1305 1556 quid
1328 1494 1470 1558 responso

368 1572 479 1660 (εἰσίν)
505 1583 543 1647 ad
565 1583 645 1647 hanc
668 1584 850 1649 sententiam
874 1585 945 1649 dato
969 1584 1009 1648 sit
1031 1581 1214 1666 perversius:
1239 1601 1310 1646 uam
1326 1585 1380 1646 aut
1395 1583 1470 1647 nihil

364 1687 537 1752 mirandum
561 1689 614 1752 aut
636 1689 698 1753 tale
715 1689 789 1771 quid
811 1708 934 1773 prorsus
950 1693 1184 1754 consentaneum
1208 1705 1273 1751 asse
1296 1688 1471 1771 responderi

364 1796 568 1875 expectamus.
608 1794 684 1858 velis
708 1797 859 1877 remisque
883 1815 954 1878 ergo
978 1795 1107 1876 quaein
1131 1792 1329 1860 codicibusB
1351 1799 1471 1860 exarata

363 1902 434 1964 sunt
457 1898 535 1964 inter
557 1919 589 1964 se
611 1904 756 1982 pugnant.
792 1902 855 1966 iam
878 1901 904 1966 si
927 1899 1096 1965 omittimus
1120 1917 1196 1980 quae
1221 1899 1277 1964 soli
1300 1901 1328 1964 Β
1351 1901 1470 1966 codices

363 2005 518 2086 praebent,
543 2007 633 2089 atque
658 2025 785 2089 eaquae
809 2027 912 2072 omnes
935 2007 1007 2071 libri
1028 2006 1154 2070 uadunt
1177 2004 1396 2086 examinamus,
1419 2027 1470 2072 ro-

363 2112 472 2178 cabulo
488 2103 572 2170 εἰσίν
590 2133 606 2178 a
623 2133 681 2195 quo
704 2134 784 2179 nunc
807 2115 1026 2197 proficiscimur
1047 2113 1164 2178 homini
1188 2112 1231 2177 sio
1254 2111 1468 2195 interroganti:

363 2217 554 2284 existuntne?
577 2238 739 2301 reponsum
763 2219 859 2286 datm.
906 2221 963 2285 hoo
988 2220 1014 2284 si
1029 2222 1178 2297 tenemus,
1203 2217 1470 2300 interrogationem

363 2321 550 2404 postulatam
566 2323 664 2389 verbis
679 2325 815 2406 proxime
832 2325 1095 2393 antecedentibus:
1121 2315 1184 2382 εἰσὶ
1202 2315 1261 2398 γὰρ
1278 2313 1333 2380 καὶ
1350 2316 1470 2390 δειλίας

364 2423 489 2505 γραφαί
511 2429 660 2493 contineri
682 2429 877 2496 nranifestum
901 2434 956 2496 est.
996 2450 1072 2513 quae
1094 2427 1290 2514 interrogatio
1312 2429 1471 2510 particulis

362 2533 586 2617 interrogativis
609 2553 677 2599 cum
700 2539 810 2614 careat,
834 2537 1066 2602 admirationem
1089 2536 1240 2618 quandam
1263 2535 1392 2600 redolet.
1429 2535 1470 2599 sic

363 2627 446 2722 ergo¹
464 2639 620 2721 scriptoris
648 2643 782 2706 mentem
810 2641 991 2724 interpretor
1024 2644 1060 2705 ut
1088 2641 1184 2705 dicat:
1225 2639 1335 2718 ,Solon
1372 2642 1469 2708 eidem

363 2763 475 2827 poenae
500 2746 643 2812 obnoxios
672 2767 737 2813 esse
760 2749 869 2814 statuit
893 2741 951 2806 ete
976 2740 1195 2823 ἀστράτευτον
1225 2750 1257 2812 et
1285 2738 1343 2805 τὸν
1368 2742 1468 2806 λελοι-

364 2843 448 2910 πότα
466 2843 526 2930 τὴν
549 2845 638 2922 τάξιν
663 2856 694 2918 a
716 2846 774 2911 τὸν
798 2848 918 2911 δειλόν.
965 2854 1037 2937 quo
1061 2855 1205 2918 anaema
1228 2853 1364 2920 austum
1380 2855 1470 2920 etam

363 2956 501 3040 ignaviae
517 2959 742 3024 accusationes?
766 2959 907 3025 existunt.
947 2964 1021 3024 cur?
1044 2962 1078 3024 ut
1105 2959 1230 3042 quisque
1254 2954 1351 3042 eqs.“.
1379 2961 1423 3025 sio
1445 2961 1471 3024 si

363 3063 611 3145 interpretamur,
642 3085 702 3129 non
729 3065 828 3130 solum
857 3084 910 3130 our
936 3067 1038 3130 orator
1065 3056 1149 3124 stote
1177 3084 1283 3130 vocem
1316 3064 1349 3130 in
1383 3065 1469 3130 initio

363 3169 514 3250 posuerit,
543 3169 738 3252 perspicuum
761 3173 822 3248 est,
853 3171 1022 3237 sedetiam
1050 3171 1127 3235 illud
1152 3170 1271 3252 quade
1294 3191 1327 3235 re
1351 3171 1469 3237 inverso

363 3273 466 3338 ordine
490 3266 541 3354 (cl.
565 3275 679 3358 Kmeg.
704 3295 748 3359 gr.
766 3295 810 3360 gr.
836 3274 924 3354 569,
942 3277 995 3354 32,
1013 3273 1067 3354 21)
1090 3276 1255 3358 particulas
1279 3272 1336 3334 καί
1356 3280 1388 3341 et
1410 3269 1470 3354 γάρ

363 3399 395 3444 se
419 3379 554 3462 excipere
579 3381 717 3446 voluerit.
766 3402 834 3448 cum
858 3383 939 3447 enim
963 3378 1018 3440 καί
1044 3382 1194 3463 particula
1216 3381 1255 3446 ad
1276 3401 1384 3447 vocam
1407 3377 1471 3440 δει-

361 3481 432 3551 λίας
462 3486 626 3568 pertineat,
663 3481 721 3566 γάρ
762 3491 863 3554 autem
897 3489 936 3553 ad
968 3488 1138 3553 admirandi
1171 3487 1325 3553 notionem
1356 3489 1470 3554 elarius

363 3593 545 3658 efferendam
561 3593 749 3672 adhibeatur,
773 3595 848 3660 haee
865 3595 912 3658 illi
926 3595 1090 3676 praecedat
1103 3613 1226 3659 neeesse
1243 3597 1298 3658 est.
1318 3631 1359 3640 ——
1376 3595 1471 3680 igitur

361 3700 420 3764 hae
444 3699 559 3763 statuta
585 3698 782 3782 explicatione
807 3719 876 3764 curm
900 3701 1002 3765 omnia
1023 3701 1100 3765 bene
1122 3699 1231 3776 fiuant,
1263 3699 1410 3764 suaserim
1436 3704 1472 3765 ut

363 3824 439 3887 quae
469 3805 562 3868 verba
589 3806 727 3871 omnibus
752 3807 905 3871 codicibus
934 3806 1106 3872 eommunia
1134 3809 1217 3884 sunt,
1248 3807 1382 3888 genuina
1403 3825 1471 3872 esse

361 3913 513 3991 putemus,
531 3913 710 3977 sententiam
726 3931 796 3977 vero
813 3913 910 3977 codici
926 3915 952 3978 B
967 3911 1120 3995 propriam
1136 3930 1352 3995 expungamus,
1378 3930 1470 3994 quam

362 4015 473 4080 sciolus
490 4017 616 4098 quidam
632 4017 743 4083 adiecit
759 4037 836 4094 earn,
862 4037 952 4100 quam
978 4021 1009 4083 et
1023 4019 1088 4100 ipse
1104 4019 1229 4102 legerat,
1255 4018 1472 4084 admirabundi

362 4119 516 4203 scriptoris
533 4115 706 4205 (propterea
722 4123 852 4206 explicat
867 4124 924 4189 sic:
952 4121 1058 4183 καίτοι
1075 4117 1323 4200 θαυμάσειεν
1347 4116 1390 4184 ἄν
1408 4117 1472 4202 τις)

362 4226 627 4310 interrogationem
640 4228 852 4310 explicaturus.
880 4231 994 4296 Belius
1008 4251 1088 4310 vero,
1102 4232 1153 4314 qui
1166 4229 1198 4307 (l.
1212 4232 1233 4296 l.
1246 4225 1364 4314 p.329)
1378 4233 1471 4298 verba
