3128 5108
572 558 795 622 -23-

130 760 180 806 res
202 741 423 823 Thebanomm,
447 745 501 810 sed
524 745 555 810 in
571 744 744 810 uuiversum
766 745 844 810 tales
867 763 915 809 res
939 744 1106 829 designare,
1131 745 1241 826 quibus

129 844 273 928 impietas
297 849 429 915 cernitur
451 853 504 916 aut
527 850 677 932 superbia,
701 849 829 934 cogitari
851 870 911 916 non
934 853 1045 933 potest.
1084 851 1142 917 hoc
1159 852 1240 916 enirn

130 953 157 1018 si
180 953 334 1035 ponimus,
360 959 540 1038 praesertim
563 957 590 1022 si
612 958 751 1039 exempla
773 957 854 1041 regis
875 957 1039 1022 Persarum
1063 959 1094 1022 ct
1116 956 1237 1022 Theba·

129 1079 239 1125 norum
261 1063 469 1145 respiciamus,
493 1085 541 1130 res
564 1066 631 1147 ipsa
647 1065 697 1130 rel
712 1065 811 1129 scelus
833 1063 934 1146 ipsum
956 1063 1155 1141 desideratur,
1180 1083 1239 1147 quo

130 1165 264 1246 culpam,
289 1168 374 1235 cuius
399 1171 435 1236 do
458 1171 605 1255 mutate
629 1171 745 1237 iudicat
767 1174 877 1247 orator,
901 1171 1132 1236 Lacedaemonii
1155 1190 1240 1237 com·

129 1268 288 1337 miserunt.
336 1293 413 1355 quae
441 1276 543 1340 omnia
571 1274 597 1340 si
630 1280 712 1341 recte
741 1277 905 1361 disputavi,
936 1279 1032 1342 restat
1063 1279 1098 1341 ut
1133 1277 1240 1358 templi

133 1374 278 1456 Delphici
301 1381 459 1460 occupatio
487 1382 690 1464 intellegatur.
736 1383 848 1448 iniuste
872 1401 943 1468 ergo
966 1383 1058 1448 verba
1081 1373 1157 1461 περὶ
1180 1377 1239 1464 τὴν

130 1477 193 1540 τοῦ
219 1476 314 1558 ἱεροῦ
341 1480 530 1568 κατάληψιν
566 1492 786 1572 expunguntur.
846 1509 922 1571 quae
951 1491 1081 1572 genuina
1110 1508 1175 1554 esse
1203 1508 1239 1555 eo

128 1587 241 1652 certius
263 1588 370 1656 licebit
397 1593 545 1672 iudicare,
578 1594 658 1676 quod
682 1597 867 1676 quantopere
890 1595 1123 1660 Lacedaemonii
1151 1594 1239 1660 adin-

127 1691 244 1757 vissent
259 1692 431 1762 Phocenses
454 1699 565 1781 impios
588 1703 678 1782 atque
696 1700 868 1776 sceleratos,
885 1699 1027 1782 quoniam
1050 1700 1157 1766 foedus
1174 1701 1240 1766 erat

127 1799 294 1877 secretum,
324 1804 415 1887 vulgo
444 1805 634 1886 ignorabant.
682 1806 719 1872 ci.
743 1805 871 1870 Diodori
894 1797 986 1884 (XVI
1006 1797 1069 1886 24)
1099 1806 1192 1870 verba
1218 1796 1237 1863 ὁ

127 1894 154 1958 δ’
175 1892 372 1981 “Αρχίδαμος
396 1899 645 1987 ἀποδεξάμενος
674 1904 731 1968 τὸν
761 1904 862 1984 λόχον
891 1907 1044 1988 φανερῶς
1070 1903 1133 1985 μὲν
1157 1903 1238 1970 κατὰ

128 1999 163 2064 cd
190 2004 300 2087 παρὸν
329 2005 390 2070 οὐκ
420 2008 525 2096 ἔφησε
548 2010 743 2098 βοηθήσειν,
768 2009 877 2094 λάθρᾳ
900 2009 935 2073 δὲ
960 2007 1067 2074 πάντα
1089 2009 1239 2096 σνμττριί.
1330 2087 1332 2092 ,

126 2111 196 2182 ξειν
211 2115 363 2198 χορηγῶν
380 2112 433 2178 καὶ
449 2114 601 2202 χρήματα
618 2116 672 2181 καὶ
687 2116 934 2201 μισθοφόρους.
973 2125 1064 2204 atque
1081 2126 1115 2188 ut
1136 2143 1239 2190 rerum

127 2221 257 2303 scriptor
280 2223 370 2290 dicit:
393 2221 694 2308 βλασφημούμενος
717 2220 926 2305 (Ἀρχίδαμος
942 2219 999 2308 sc.)
1023 2217 1066 2292 ῶς
1087 2220 1239 2301 μάλιστ’

127 2317 232 2395 αἴτιος
261 2321 401 2402 χεχονῶς
428 2329 485 2413 τῆς
512 2331 576 2391 τῶν
605 2329 744 2411 Δελφῶν
781 2325 1010 2414 καταλήψεως,
1047 2333 1090 2398 sic
1126 2336 1236 2402 oraton'

126 2433 265 2498 oratoriis
289 2438 423 2504 consiliis
452 2439 623 2524 indulgenti
647 2460 683 2505 er
706 2441 803 2505 altera
825 2441 911 2523 parte
934 2438 1083 2503 minorem
1112 2440 1238 2506 reddere

125 2540 249 2614 culpam
271 2543 579 2612 Lacedaemoniorum
602 2547 707 2624 libuit,
740 2566 810 2612 cum
839 2565 889 2611 eos
912 2545 1019 2627 procul
1042 2547 1162 2610 tantum
1185 2566 1238 2611 ac-

126 2652 252 2718 cessisse
276 2653 316 2716 ad
338 2653 421 2717 istud
437 2653 550 2718 crimen
574 2653 658 2718 dicit.
697 2671 762 2716 rem
784 2671 855 2717 vero
878 2654 951 2717 tunc
975 2651 1120 2733 temporis
1141 2653 1238 2718 notis-

125 2758 235 2824 simam
250 2759 319 2825 ideo
336 2761 418 2824 certo
435 2759 627 2843 significavit,
651 2777 688 2823 ne
706 2757 782 2840 quis,
806 2760 876 2822 utra
891 2775 995 2822 earum
1018 2775 1094 2838 quae
1111 2758 1239 2840 cogitari

124 2867 267 2947 poterant
287 2885 336 2931 ros
360 2868 449 2943 esset,
475 2865 638 2930 dubitaret.
666 2899 706 2909 —

214 2974 280 3037 Iam
309 2974 487 3056 priusquam
515 2973 653 3038 desinam
686 2972 723 3036 de
751 2971 809 3036 hoc
832 2970 994 3035 Aeschinis
1018 2969 1235 3051 amplificandi,

125 3077 347 3158 calumniandi,
373 3081 561 3146 diminuendi
583 3099 666 3145 more
691 3079 862 3160 disputare,
890 3078 928 3142 de
952 3074 1050 3151 §101
1078 3077 1234 3142 disseram.

125 3181 208 3265 quod
231 3187 400 3250 extremum
425 3205 490 3252 esse
514 3186 687 3269 exemplum
711 3184 796 3261 iussi,
822 3184 893 3266 quia
908 3183 1072 3248 transitum
1094 3185 1182 3265 paret
1197 3183 1237 3248 ad

124 3288 219 3354 aliem
235 3289 361 3355 oratoris
377 3291 635 3356 consuetudinem.
675 3291 766 3373 atque
783 3289 903 3354 codices
927 3289 953 3352 si
974 3288 1136 3370 sequimur,
1161 3287 1236 3353 hacc

123 3393 178 3470 illo
202 3393 268 3458 loco
284 3395 398 3476 scripta
411 3396 598 3461 invenimus:
623 3385 785 3473 ὁμιαρός
808 3385 864 3451 καὶ
887 3384 1023 3461 ἀνόσιος
1046 3384 1235 3476 ἅνθρωπος,

124 3491 165 3558 ὅν
188 3512 272 3579 φησι
289 3498 468 3582 Κτησιφῶν
491 3493 545 3559 καὶ
566 3493 640 3582 (om.
659 3494 718 3584 Ah)
741 3495 777 3560 ἐν
794 3494 875 3576 τῶδε
898 3497 943 3575 τῶ
960 3494 1152 3581 ψηφίσματι
1168 3495 1235 3557 δια-

124 3599 232 3662 τελεῖν
255 3600 392 3682 λε’χοντα
416 3599 470 3664 καὶ
494 3592 680 3687 πράττοντα
704 3598 742 3663 τὰ
759 3597 876 3684 ἄριστα
899 3597 1053 3684 τῷδήμῳ
1078 3601 1122 3680 τῶ
1138 3597 1235 3687 Ἀθη·

125 3706 239 3770 ναίων.
274 3711 411 3792 iamque
434 3711 591 3777 reserenda
606 3713 667 3777 sint
682 3712 790 3777 verba:
816 3703 853 3768 ἐν
869 3704 951 3784 τῶδε
968 3707 1012 3785 τῶ
1030 3705 1232 3791 ψηφίσματι,

124 3819 270 3901 quoniam
304 3822 357 3885 aut
386 3819 465 3902 quod
501 3819 637 3901 sequitur
664 3819 880 3910 Demosthenis
915 3809 1092 3900 psephisma
1110 3811 1147 3900 ¹),
1183 3821 1236 3884 aut

200 3993 219 4060 ¹)
238 3993 287 4048 hoc
305 3993 455 4063 psephisma
467 3994 590 4060 quoniam
609 3994 694 4062 ipsum
708 3997 801 4062 postea
815 3993 918 4046 demum
932 3993 1124 4060 pronuntiatur,
1143 4009 1235 4062 quam-

125 4100 206 4154 quam
226 4086 304 4136 antea
329 4082 360 4136 de
380 4099 410 4136 eo
430 4085 518 4136 orator
536 4082 672 4144 disseruit,
699 4085 769 4136 recte
792 4083 944 4136 nominatur
967 4081 1078 4132 τόδετὸ
1102 4082 1234 4151 ψήφισμα,

124 4189 180 4228 non
204 4174 286 4225 τοῦτο
307 4174 336 4225 τὸ
360 4189 403 4238 qa:
427 4170 477 4224 hoc
495 4187 602 4235 moneo,
628 4169 690 4240 quia
719 4171 804 4224 Adam
828 4171 885 4234 „De
909 4167 1042 4222 codicibus
1066 4167 1235 4223 Aeschineis“

126 4263 189 4317 diss.
209 4259 295 4316 Berol.
316 4260 387 4314 1882
406 4277 431 4328 p.
445 4261 477 4313 21
499 4258 575 4314 aliter
592 4258 727 4314 iudicavit.
750 4287 781 4296 ·—
