3128 5108
572 539 769 602 -p-

119 738 202 802 quat
230 724 301 789 sunt
328 715 388 800 τὴν
416 721 480 781 τοῖν
509 719 703 786 ἀποδεκτῶν
735 717 790 787 καί
819 721 966 803 νεωρίων
995 714 1102 804 α’ρχήν
1132 740 1235 791 moras

118 832 300 894 creaverunt
323 829 395 896 viris
419 831 517 898 doctis
540 865 582 874 —-
598 836 719 916 praeter
734 833 769 900 F.
786 831 976 898 Schultzium
998 828 1158 905 editorem,
1183 829 1237 910 qui

118 933 218 997 verba
245 954 320 1015 quae
348 937 380 1000 in
406 939 491 1003 textu
513 939 663 1021 reciperet
686 939 778 1023 digna
804 936 924 1023 putarit
945 971 997 1014 -‚
1022 935 1135 1019 quippe
1158 952 1235 1017 qnae

118 1039 155 1103 in
184 1041 372 1122 probabilem
407 1045 575 1110 orationem
604 1046 684 1111 coim
719 1065 780 1111 non
808 1045 993 1110 viderentur.
1049 1039 1237 1108 intolerabili

121 1146 206 1210 enim
223 1147 339 1212 ratione
355 1167 464 1216 nomen
482 1151 672 1216 abstractum
689 1171 761 1218 cum
775 1154 916 1218 concrete
932 1148 1132 1214 consociatur.
1156 1145 1238 1228 qued

122 1270 200 1316 cave
234 1273 271 1318 ne
298 1254 413 1320 talibus
441 1257 588 1338 exemplis
616 1257 795 1323 Aeschineis
824 1254 984 1322 defendas:
1019 1254 1100 1320 lim.
1125 1249 1168 1329 ἐξ
1191 1252 1235 1317 23

123 1350 181 1414 καὶ
204 1353 320 1440 κήρυξι
343 1351 398 1417 καὶ
414 1357 608 1439 πρεσβείαις,
632 1365 675 1428 42
700 1353 908 1443 όψοφαγίαις
931 1351 986 1418 καὶ
1010 1353 1238 1426 πολυτελείαις

123 1458 269 1522 δείπνων
298 1456 353 1523 καὶ
385 1457 556 1546 ου’ληιρίσι
591 1459 644 1526 καὶ
677 1464 819 1545 ἑταίραις
846 1457 903 1526 καὶ
936 1459 1051 1544 κύβοις
1079 1455 1134 1524 καὶ
1169 1467 1239 1530 τοῖς

122 1561 247 1646 ἄλλοις,
272 1563 330 1648 ὑφ’
353 1553 399 1629 οἷν
424 1564 561 1640 ου’δευὸς
578 1578 744 1651 κρατεῖται
767 1567 804 1632 τὸ
830 1576 985 1648 γενναῖον
1010 1564 1063 1632 καὶ
1086 1563 1122 1628 τὸ
1148 1564 1239 1630 ἐλευ-

124 1673 260 1752 θέριον,
290 1677 371 1744 Otos,
396 1673 435 1756 ἕξ
459 1680 502 1745 58
529 1671 582 1737 διὰ
606 1676 830 1761 Δημοσθένην
859 1671 914 1738 καὶ
939 1671 1152 1756 Φιλοκράτην
1183 1669 1239 1736 καὶ

123 1774 183 1851 τὰς
206 1777 331 1841 τούτων
355 1778 565 1866 δωροδοκίας,
592 1776 630 1852 ὃς
653 1779 893 1864 ἐδωροδόκουν,
922 1786 983 1850 197
1010 1777 1153 1859 ἐγχεῖται
1177 1775 1237 1860 γὰρ

124 1887 162 1946 τό
187 1883 250 1962 μὲν
275 1887 407 1964 πρῶτον
430 1882 518 1970 ὕδωρ
543 1889 588 1966 τῷ
611 1885 782 1972 κατηγόρῳ
810 1883 866 1950 καὶ
889 1894 958 1957 τοῖς
981 1884 1099 1966 νόμοις
1122 1872 1240 1971 κοίιῇ

123 1991 340 2076 δημοκρατία.
375 2016 448 2062 nam
465 2017 531 2062 rem
545 1997 594 2063 his
610 1998 758 2081 exemplis
780 2017 841 2064 uon
863 1997 1022 2063 convenire
1046 2016 1119 2063 cum
1135 1998 1238 2064 nostro

123 2103 194 2168 loeo
216 2103 287 2167 inde
310 2103 463 2186 sequitur,
488 2103 584 2186 quod,
614 2124 685 2170 cum
707 2105 772 2169 illic
795 2103 880 2168 facili
902 2103 1096 2187 neglegentia
1118 2102 1239 2185 singula

124 2209 250 2274 nomina
273 2209 507 2293 conjungentur,
530 2210 582 2274 hic
604 2211 732 2293 uterque
756 2209 914 2293 genetivus
937 2213 970 2274 et
992 2199 1184 2266 ἀποδεκτῶν
1207 2209 1239 2272 et

125 2310 276 2393 νεωρίων
305 2318 370 2379 arte
393 2314 506 2396 pendet
528 2316 567 2381 ab
591 2305 691 2396 ἆρίή,
721 2315 766 2380 sic
788 2318 824 2380 ut
847 2316 926 2380 alter
952 2313 1083 2380 subiecti
1110 2313 1238 2388 vicibus,

125 2420 241 2486 obiecti
263 2421 342 2485 alter
362 2421 515 2503 iungetur.
563 2423 654 2502 etque
678 2420 759 2503 quod
782 2422 841 2485 duo
864 2440 992 2486 munera
1015 2419 1237 2496 discemmtnr,

124 2526 259 2609 impedit
285 2527 446 2609 quominus
474 2526 552 2592 benc
582 2525 738 2592 insolitem
767 2525 888 2592 dicendi
916 2526 1067 2592 rationem
1090 2524 1240 2607 exemplis

121 2633 240 2698 talibus
263 2651 455 2697 excusemus:
478 2632 557 2698 Xon
582 2631 680 2698 anab.
698 2632 742 2696 VI
768 2620 922 2709 1,1“ον
945 2624 1008 2705 μὲν
1032 2613 1095 2690 οὖν
1112 2624 1240 2708 τρόπον

122 2729 149 2820 ἥ
175 2754 211 2796 τε
239 2730 450 2816 Χειρισόφου
479 2729 564 2817 α’ρχὴ
593 2735 654 2796 τοῦ
683 2731 809 2803 παντὸς
837 2731 1074 2817 κατελύθη...
1105 2730 1141 2794 ἐν
1171 2739 1241 2803 τοῖς

123 2838 239 2906 ἐπάνω
264 2838 393 2925 εἴρηται
400 2888 408 2920 ,
436 2845 456 2910 i.
483 2865 510 2910 e.
535 2844 727 2928 Cheirisopbi
756 2846 794 2910 de
817 2845 959 2910 omuibus
980 2844 1160 2926 imperium
1189 2844 1240 2908 rel

121 2952 221 3018 Thac,
246 2953 293 3018 III
319 2953 393 3027 115,
417 2951 440 3013 4
468 2940 486 3007 ὁ
511 2943 547 3008 δὲ
571 2945 778 3029 Πυθόδωρος
801 2942 865 3031 ἤδη
890 2945 976 3023 ἔχων
1004 2941 1066 3029 τὴν
1089 2944 1151 3007 τοῦ
1173 2945 1241 3007 Λό-

122 3073 226 3148 χητος
248 3055 314 3114 τόν
339 3052 424 3115 νεών
448 3047 564 3135 ἀρχὴν,
587 3049 730 3114 ἔπλευσε
753 3052 804 3132 (cf.
829 3057 945 3139 Krneg.
969 3074 1016 3137 gr.
1040 3074 1085 3140 gr.
1111 3051 1240 3134 1547,

123 3165 156 3240 9,
182 3157 229 3244 o).
276 3162 397 3228 cecedit
418 3179 497 3226 nora
518 3160 683 3226 difficultas
705 3162 786 3239 iude,
812 3161 894 3244 qnod
917 3160 1045 3226 articulo
1068 3162 1138 3226 ante
1165 3177 1241 3222 νεο-

123 3267 208 3346 ρίων
238 3269 351 3335 omisso
374 3269 450 3331 haec
474 3265 533 3330 dno
561 3286 686 3332 munere
721 3266 927 3332 diversissima
960 3266 1048 3348 quasi
1081 3266 1113 3330 iu
1146 3287 1241 3332 unum

122 3377 226 3442 maius
255 3375 361 3458 colligi
383 3379 434 3443 vel
458 3377 538 3440 inter
562 3397 595 3442 se
623 3374 717 3440 artius
739 3391 832 3456 quam
853 3391 925 3438 cnm
947 3372 1057 3436 ceteris
1080 3371 1241 3436 cohaerere

123 3482 277 3548 videntur.
314 3484 350 3547 id
372 3485 455 3567 qnod
477 3483 520 3548 rei
545 3484 671 3546 naturae
693 3480 853 3562 repugnat
892 3496 964 3541 nam
987 3476 1056 3541 duo
1079 3479 1151 3540 sunt
1172 3496 1241 3540 mu-

123 3607 199 3654 nera
229 3586 449 3654 diversissima
500 3589 604 3670 itaque
632 3585 753 3668 integra
780 3581 937 3665 scriptoris
964 3582 1057 3646 verbu
1084 3581 1241 3648 codicibus

124 3697 249 3762 serrata
272 3713 339 3760 esse
361 3693 476 3758 nemini
492 3692 598 3774 opinor
619 3689 861 3771 persuadebitur.
899 3688 972 3752 inde
994 3691 1030 3752 ut
1051 3686 1241 3769 probabilem

125 3801 274 3867 orationis
296 3802 426 3867 formam
442 3800 649 3866 restituerent.
673 3796 731 3860 viri
746 3795 829 3860 docti
851 3795 943 3858 variis
966 3795 1014 3858 usi
1029 3792 1242 3858 conaminibus

123 3910 364 3990 temptaverunt.
392 3942 430 3952 —
456 3907 546 3988 atque
563 3901 713 3967 Henricns
736 3900 861 3983 quidem
876 3900 1049 3982 Stephanus
1070 3889 1164 3976 (thes
1179 3898 1242 3962 liu-

124 4033 205 4098 guae
234 4032 281 4095 gr.
306 4033 331 4076 s.
354 4033 384 4077 v.
414 4001 591 4086 νεώριον),
627 4026 698 4072 cum
726 4009 844 4070 mutato
878 4005 1000 4069 nomine
1031 3999 1177 4080 νεωρίων
1208 4005 1242 4068 in

86 4126 89 4132 ’
126 4115 264 4198 νεωροῑν
294 4109 333 4196 (a
355 4107 480 4190 νεωρός
495 4137 524 4164 =
541 4103 784 4190 νεωριοφόλαξ,
808 4111 847 4175 of.
870 4101 1020 4192 Hesycb)
1044 4107 1241 4174 difficultates

128 4242 270 4289 amovere
287 4221 416 4298 studuit,
441 4219 579 4302 speciosa
600 4216 653 4280 ille
670 4215 795 4298 quidem
810 4214 995 4278 correctione
1017 4233 1092 4280 usus
1106 4219 1164 4296 est,
1187 4213 1243 4282 sed
